1982 3190
188 152 230 195 100
258 150 356 199 XXXIII,
373 154 412 190 1-
461 152 594 203 Apocalypsis
609 152 695 191 Baruehi
828 154 924 201 XXXVI,
941 158 959 195 7.

187 263 310 313 XXXIII.
340 273 433 312 haeccine
457 279 503 311 sunt
524 274 619 311 mandata
641 287 692 324 quae
714 275 815 313 mandavit
835 275 871 313 tibi
894 276 959 313 socius

187 347 232 380 tuus
241 341 336 379 Ieremias
351 340 449 391 propheta
465 345 484 377 et
495 340 545 378 dixit
555 340 599 378 tibi:
614 338 720 391 2pr0spice
730 340 804 391 populo
815 342 847 379 isti
858 341 958 379 dameam

188 414 208 446 et
224 408 337 456 confirmem
352 406 439 456 reliquos
453 406 526 445 fratres
535 405 647 458 Babylone,
662 412 732 445 eontra
743 419 792 457 quos
803 408 852 445 exiit
861 408 959 447 sententia

187 480 210 512 ut
223 474 245 511 in
260 473 395 523 captivitatem
411 472 520 510 ducantur?
537 472 569 511 ³et
584 486 635 511 nunc
650 474 665 511 si
680 478 702 510 tu
715 486 793 523 quoque
804 473 906 524 reliqueris
916 486 958 522 noa,

186 540 257 579 melius
276 544 305 578 est
323 539 381 577 nobis
401 544 422 576 ut
439 539 547 577 moriamur
566 541 630 577 cuncti
648 541 668 577 in
687 544 793 589 conspeetu
811 545 855 587 tuo,
875 546 894 577 et
911 546 958 578 tune

188 606 285 658 elongeris
300 617 313 643 a
327 606 390 644 nobis.

244 745 362 795 XXXIV.
381 756 408 794 Et
423 756 516 807 respondi
531 760 550 792 et
565 755 607 793 dixi
621 757 704 807 populo:
720 757 772 795 absit
787 770 799 795 a
813 769 851 804 me,
866 762 887 794 ut
899 756 958 794 relin-

187 835 247 876 quam
262 835 306 871 vos,
325 828 359 861 aut
374 822 455 873 elongor
470 835 482 860 a
497 821 563 869 vobis,
578 822 613 860 sed
627 828 704 860 tantum
719 823 752 861 ibo
768 835 829 874 usque
844 823 869 860 ad
885 821 959 861 Sancta

187 889 306 930 Sanctorum
320 895 342 927 ut
356 894 424 939 petam
439 901 451 926 a
466 887 523 926 Forti
537 900 574 938 pro
589 887 645 926 vobis
661 894 680 926 et
695 902 732 939 pro
742 887 809 936 Sione,
824 890 841 927 si
854 889 905 927 forte
914 889 958 927 illu-

186 958 249 995 miner
264 955 339 1005 aliquid
353 955 425 1005 magis3
440 960 460 992 et
473 959 545 1004 postea
559 959 648 992 revertar
664 955 689 992 ad
704 967 745 992 vos.

243 1092 347 1144 XXXV·
372 1105 400 1142 Et
413 1104 441 1143 ivi
456 1117 493 1155 ego
504 1104 583 1143 Baruch
593 1117 655 1155 usque
665 1105 690 1142 ad
701 1105 765 1143 locum
776 1111 871 1153 sanctum,
887 1112 906 1144 et
916 1107 957 1145 sedi

186 1186 245 1224 super
259 1172 326 1211 ruinas
342 1172 383 1210 eius
399 1178 418 1209 et
432 1171 477 1209 flevi
492 1179 511 1209 et
527 1171 577 1209 dixi:
600 1170 626 1208 20
645 1171 696 1209 oculi
711 1173 759 1218 mei,
777 1177 841 1210 estote
855 1174 958 1226 scatebrae

186 1245 206 1279 et
220 1239 328 1291 palpebrae
344 1238 446 1276 oculorum
460 1249 549 1275 meorum
564 1237 609 1276 fons
623 1237 755 1276 lacrimarum.
782 1238 895 1288 ³quonrodo
906 1240 958 1277 enim

184 1292 312 1358 ingemiscam
335 1317 393 1355 super
410 1301 479 1351 sione,
502 1309 522 1341 et
544 1304 644 1360 quomodo
665 1304 738 1355 lugebo
760 1317 820 1355 super
836 1304 957 1343 Ierusalem?

186 1372 247 1423 4quia
261 1372 282 1409 in
296 1370 342 1409 loco
357 1372 396 1408 isto
411 1370 444 1408 ubi
460 1375 571 1420 prostratus
585 1383 628 1409 sum
639 1383 696 1418 nunc,
712 1370 758 1408 olim
768 1384 854 1410 summus
865 1372 958 1410 sacerdos

186 1438 284 1477 offerebat
294 1436 405 1475 oblationes
415 1441 501 1483 sanctas,
516 1442 536 1473 et
550 1438 638 1487 ponebat
653 1437 673 1474 in
689 1449 713 1474 eo
723 1437 798 1475 fumum
808 1438 957 1487 thymiamatum

185 1506 360 1544 odoramentorum
378 1503 472 1540 suavium.
503 1501 569 1540 ⁵nunc
587 1508 653 1548 autem
671 1503 724 1541 facta
744 1509 773 1541 est
787 1504 851 1553 pulvis
866 1504 957 1554 gloriatio

185 1577 259 1618 nostra,
275 1576 295 1607 et
311 1568 428 1606 desiderium
443 1568 520 1606 animae
536 1573 617 1605 nostrae
632 1581 699 1607 arena.

241 1706 358 1758 XXXVI.
386 1717 413 1756 Et
431 1731 474 1756 cum
492 1719 542 1756 baec
561 1718 655 1757 dixissem
670 1719 780 1759 obdormivi
795 1720 833 1767 ibi,
849 1726 868 1758 et
883 1721 922 1759 vidi
937 1722 957 1759 in

184 1791 243 1825 nocte
262 1786 368 1832 visionem;
390 1782 425 1822 'zet
444 1796 489 1822 ecce
507 1784 557 1822 silva
576 1786 668 1823 arborum
686 1786 778 1836 plantata
795 1787 816 1825 in
835 1799 915 1837 campa,
938 1793 957 1825 et

185 1853 333 1891 circumdabant
348 1863 391 1889 eam
406 1856 483 1889 montes
498 1850 591 1889 sublimes
606 1857 626 1888 et
640 1858 749 1903 praerupta
762 1854 847 1904 rupium,
862 1858 882 1891 et
891 1853 958 1892 Iocum

184 1919 268 1957 multum
283 1918 394 1968 occupabat
408 1917 468 1963 silva;
484 1916 517 1954 3et
532 1929 577 1954 ecce
593 1929 618 1955 ex
632 1918 716 1956 adverso
731 1919 793 1969 ipsius
808 1919 896 1957 ascendit
905 1920 956 1968 ritis,

186 1990 205 2024 et
221 1985 282 2024 desub
302 1997 325 2023 ea
343 1984 481 2035 egrediebatur
498 1984 543 2021 fons
560 1983 580 2020 in
595 1983 750 2034 tranquillitate3
772 1983 876 2035 4pervenit
891 1990 958 2024 autem

106 2045 123 2096 Ἀ
186 2051 221 2090 ille
238 2052 282 2090 fons
301 2063 362 2102 usque
377 2050 403 2089 ad
418 2050 498 2097 silvam,
513 2055 532 2087 et
547 2050 611 2088 factus
626 2055 656 2088 est
669 2051 690 2087 in
705 2051 776 2089 fluctus
790 2063 879 2101 magnos,
894 2057 914 2089 et
927 2052 957 2089 in-

162 2114 311 2156 ²''undaverunt
325 2117 395 2155 fluctus
410 2116 479 2155 silvam
494 2115 555 2162 illam,
571 2121 591 2153 et
606 2116 712 2166 derepente
727 2117 877 2155 eradicaverunt
892 2117 957 2155 multi-

6 2193 29 2219 s
76 2222 83 2229 X,
125 2228 127 2231 .
184 2184 272 2223 tudinem
287 2183 349 2222 silvae
358 2183 416 2232 illius,
432 2188 451 2221 et
466 2175 604 2221 subuerterunt
619 2195 686 2221 omnes
701 2183 899 2222 montesincircuitu
910 2184 956 2222 eius.

186 2249 221 2289 ⁵et
235 2249 319 2288 altitudo
334 2250 396 2288 silvae
410 2248 556 2297 humiliabatur,
571 2254 591 2287 et
605 2255 676 2288 vertex
688 2250 783 2287 montium
793 2249 904 2288 humibatus
914 2250 956 2298 fuit,

185 2322 205 2355 et
222 2316 281 2355 valde
300 2316 412 2367 praevaluit
429 2316 474 2354 fons
489 2316 531 2363 illc,
552 2321 572 2353 ut
587 2328 627 2353 non
642 2315 763 2366 relinqueret
777 2315 851 2366 aliquid
866 2329 892 2354 ex
906 2316 956 2355 silva

73 2374 82 2385 Ἀ
182 2383 219 2421 illa
233 2383 296 2421 multa
310 2388 390 2433 praeter
404 2396 463 2420 unam
479 2382 558 2420 cedrum
569 2386 651 2419 tantum.
668 2381 745 2430 letiam
759 2382 811 2420 hane
822 2394 865 2419 cum
875 2382 956 2421 deiecis-

184 2455 220 2497 set,
234 2455 254 2488 et
268 2448 413 2488 multitudinem
428 2449 490 2487 silvae
503 2448 556 2486 illius
570 2447 689 2498 perdidisset
705 2454 724 2486 et
737 2448 862 2496 eradicasset,
876 2453 898 2486 ut
908 2438 956 2486 nihil

183 2516 327 2567 relinqueretur
346 2526 371 2552 ex
390 2528 421 2561 ea,
439 2527 503 2565 neque
521 2514 576 2553 locus
596 2513 636 2552 eius
652 2520 813 2564 cognosceretur,
831 2515 875 2565 ipsa
890 2520 956 2552 auteur

183 2582 218 2621 illa
235 2582 280 2620 vitis
298 2581 390 2620 veniebat
410 2593 453 2619 cum
468 2582 523 2619 fonte
537 2582 558 2619 in
573 2582 639 2632 quiete
654 2586 674 2618 et
688 2581 833 2631 tranquillitate
846 2580 918 2628 multa,
936 2586 955 2618 et

183 2648 238 2687 venit
251 2660 313 2698 usque
329 2647 354 2685 ad
369 2647 440 2694 locum,
456 2649 543 2698 quinon
558 2647 619 2697 longe
634 2652 677 2685 erat
687 2661 699 2685 a
714 2648 779 2695 cedro,
795 2653 814 2686 et
829 2647 908 2685 cedrum
921 2646 955 2684 de-

182 2716 254 2753 iectam
273 2715 403 2753 admoverunt
422 2714 448 2751 ad
467 2727 515 2751 eant.
546 2713 579 2751 ⁷et
597 2712 646 2760 vidi,
666 2718 685 2752 et
703 2726 748 2752 ecce
767 2713 845 2764 aperuit
862 2724 955 2751 ossuum

183 2782 228 2820 vitis
247 2781 290 2828 illa,
308 2786 327 2819 et
345 2780 413 2818 locuta
431 2786 461 2818 est
480 2784 500 2817 et
517 2780 568 2817 dixit
586 2780 645 2817 cedro
663 2780 700 2817 illi:
723 2792 789 2818 nonne
807 2785 829 2816 tu
844 2791 864 2816 es
879 2779 954 2827 cedrus,

183 2861 234 2898 quae
253 2848 323 2886 relicta
341 2848 394 2885 fuisti
413 2846 437 2885 de
455 2847 504 2885 silva
520 2846 615 2894 malitiae,
635 2852 654 2885 et
668 2848 688 2884 in
703 2859 762 2884 manu
778 2851 811 2882 tua
826 2858 954 2895 perseverans
