1982 3190
225 803 556 872 APOCALYPSIS
581 804 813 874 BARUOHI.

196 970 216 1015 ῙΙ
235 978 262 1016 Et
276 980 350 1018 factum
368 985 397 1019 est
412 993 463 1018 anno
478 980 542 1019 XXV.
557 979 663 1018 lechoniae
676 982 728 1031 regis
743 981 812 1029 Iudae,
830 982 903 1019 factum

137 1049 166 1082 est
186 1045 266 1083 verbum
284 1044 366 1084 Domini
385 1059 444 1096 snper
462 1046 574 1085 Baruohum
592 1045 654 1084 filium
672 1045 756 1093 Neriae‚
775 1052 794 1084 et
812 1046 863 1085 dixit
877 1048 904 1084 ei:

136 1107 245 1149 2vidistine
259 1124 395 1163 quaecumque
408 1112 457 1150 facit
470 1113 518 1149 mibi
532 1111 617 1162 populus
631 1112 675 1161 iste,
689 1113 743 1151 mala
757 1125 808 1163 quae
816 1113 905 1150 fecerunt

137 1176 188 1214 duae
202 1177 264 1215 tribus
278 1179 329 1216 istae
344 1191 394 1229 quae
406 1184 542 1216 remanserunt
552 1178 621 1228 magis7
636 1191 695 1229 quam
705 1179 772 1217 decem
782 1179 844 1217 tribus
854 1190 905 1229 quae

137 1244 227 1293 captivae
246 1244 343 1282 abductae
361 1243 452 1282 fuerunt?
479 1242 553 1283 ³tribus
572 1244 622 1282 enim
642 1245 718 1294 priores
737 1257 749 1282 a
766 1244 846 1294 regibus
865 1244 905 1282 suis

137 1309 268 1360 adigebantur
286 1311 312 1348 ad
330 1310 460 1360 peccandum,
481 1310 532 1348 istae
551 1309 602 1348 duae
619 1322 666 1348 vero
684 1310 740 1361 ipsae
758 1310 864 1360 adigebant
886 1306 905 1348 et

137 1376 236 1426 cogebant
253 1388 310 1427 reges
328 1388 375 1414 suos
393 1376 417 1413 ad
436 1376 563 1426 peccandum.
592 1373 688 1426 4propter
707 1377 745 1414 hoc
763 1388 809 1414 ecce
828 1376 905 1413 adduco

137 1441 211 1479 maium
229 1453 288 1492 snper
305 1443 373 1480 urbem
391 1442 450 1480 istam
467 1445 487 1479 et
501 1454 559 1492 super
573 1442 696 1480 habitatores
711 1443 756 1489 eins,
772 1447 791 1479 et
806 1442 905 1479 auferetur

138 1520 150 1544 a
165 1513 272 1558 conspectu
291 1521 336 1546 meo
355 1508 380 1546 ad
398 1512 484 1557 tempus,
503 1513 522 1546 et
542 1507 655 1556 disperdam
673 1507 768 1558 populum
782 1508 840 1546 istum
854 1508 906 1545 inter

137 1578 214 1623 gentes,
234 1578 256 1611 ut
270 1574 361 1624 gentibus
376 1574 493 1612 benefaciat.
524 1573 556 1611 ⁵et
570 1573 655 1623 populns
669 1586 723 1612 meus
738 1574 871 1624 castigabitur,
887 1578 907 1612 et

136 1640 202 1677 veniet
216 1645 294 1690 tempus
310 1644 329 1678 et
344 1639 446 1690 requirent
459 1640 614 1689 prosperitatem
628 1645 740 1689 temporum
754 1652 839 1678 suornm.

194 1769 229 1816 II·
252 1777 309 1816 Haec
324 1784 389 1816 autern
404 1778 446 1815 dixi
459 1778 501 1824 tibi⁷
517 1783 540 1815 ut
555 1777 609 1815 dicas
623 1778 720 1816 ieremiae
735 1783 754 1815 et
769 1779 859 1816 omnibns
874 1778 907 1829 qui

137 1845 209 1883 similes
224 1849 269 1882 sunt
284 1845 349 1892 vobis,
366 1850 388 1882 ut
402 1844 499 1882 recedatis
514 1845 539 1882 ab
554 1844 603 1882 urbe
617 1844 660 1882 ista.
691 1842 751 1895 ²·qnia
766 1857 827 1895 opera
841 1850 908 1883 vestra

137 1916 183 1949 sunt
197 1911 241 1949 urbi
256 1911 301 1949 huic
316 1915 417 1961 tamquam
433 1910 523 1948 columna
532 1911 596 1957 firma,
612 1915 631 1948 et
640 1923 709 1960 preces
719 1915 797 1949 restrae
806 1917 907 1961 tamquam

137 1990 204 2016 murus
219 1976 301 2015 validus.

196 2106 245 2153 111·
265 2115 293 2153 Et
308 2116 359 2154 dixi:
375 2129 387 2154 o
402 2114 522 2153 Dominator
537 2114 628 2162 Domine,
642 2114 714 2152 ideone
723 2114 768 2151 veni
777 2114 798 2151 in
808 2115 907 2162 mundum,

137 2187 159 2220 nt
173 2183 261 2221 viderem
275 2181 348 2220 malum
363 2182 432 2220 matris
447 2180 515 2220 meae?
530 2193 660 2230 nequaqnam,
675 2179 767 2217 Domine.
797 2178 827 2218 ²si
841 2181 908 2220 inveni

137 2249 222 2300 gratiam
239 2248 260 2285 in
278 2248 339 2286 oculis
354 2249 401 2296 tuis,
418 2248 485 2298 recipe
499 2248 554 2297 prins
569 2246 659 2297 spiritum
674 2258 744 2293 meum,
760 2251 782 2283 ut
796 2247 867 2284 abeam
882 2247 908 2285 ad

137 2320 204 2365 patres
219 2326 280 2363 meos,
296 2321 315 2353 et
329 2328 370 2353 non
384 2319 473 2365 spectem
488 2314 569 2352 exitium
583 2312 652 2350 matris
667 2325 732 2350 meae:
750 2310 808 2363 ³qnia
824 2313 862 2351 duo
876 2327 907 2351 nr-

138 2387 185 2432 gent
202 2393 234 2419 me
251 2382 377 2420 vehementer
382 2396 388 2429 3
407 2381 500 2419 resistere
516 2380 568 2418 enim
583 2379 618 2417 tibi
633 2391 674 2416 non
688 2389 777 2428 possum,
795 2379 830 2417 sed
844 2392 908 2430 neque

185 2576 200 2613 I.
215 2579 230 2609 1.
242 2576 314 2608 Erravit
326 2578 407 2619 scriptor,
420 2586 461 2608 nam
473 2575 578 2614 IechoniaS,
592 2574 644 2605 etiam
656 2574 739 2607 Ioiachin
751 2574 816 2615 dietus,
832 2574 878 2605 filins
892 2577 909 2605 et

139 2634 232 2657 successor
243 2623 333 2663 ioiakimi
345 2629 381 2657 tres
393 2627 462 2656 tantum
473 2632 543 2655 menses
556 2621 644 2662 regnavit,
658 2625 675 2654 et
687 2623 703 2654 si
715 2632 753 2664 cap.
767 2623 783 2655 6.
795 2626 866 2664 postero
880 2621 909 2653 die

139 2673 180 2704 nrbs
197 2682 207 2704 a
223 2671 318 2704 Chaldaeis
335 2675 437 2714 oppugnata
452 2681 491 2703 esse
507 2670 581 2708 dicitnr,
597 2669 631 2701 hoc
646 2674 683 2701 tum
699 2670 770 2702 demum
784 2669 849 2701 tactum
869 2678 909 2700 cnm

140 2719 225 2754 Scdekias
238 2720 273 2751 iam
285 2719 368 2752 undecim
380 2729 435 2752 annos
448 2723 546 2759 regnasset.
560 2726 638 2749 errorum
647 2718 734 2759 originem
747 2727 768 2748 eo
777 2716 866 2748 detexisse
874 2717 909 2749 sibi

139 2769 210 2800 ridetur
222 2766 295 2809 Langen
308 2767 321 2799 1.
333 2768 345 2799 l.
359 2778 375 2809 p.
385 2768 419 2807 10„
432 2767 479 2808 quod
487 2766 545 2798 Iosias
555 2775 593 2796 cnm
601 2765 692 2805 Iechon'ia,
704 2764 775 2798 Ioakim
784 2774 823 2795 cum
832 2762 909 2797 Sedekia

141 2816 209 2848 confusi
223 2815 263 2847 sint.
275 2833 299 2838 —
310 2814 382 2856 Neriae⁷
394 2820 440 2860 πῃ,
452 2811 525 2862 Nactae,
539 2813 561 2845 cf.
573 2812 636 2845 Ierem.
650 2813 677 2854 32,
692 2814 719 2845 lt.
732 2810 802 2844 Baruoh
817 2813 833 2853 1,
846 2813 861 2844 1.

187 2879 210 2917 ll.
231 2881 246 2912 2,
261 2879 282 2912 cf.
297 2891 311 2913 c.
325 2881 352 2913 rt.
366 2880 423 2922 Apcc.
437 2880 452 2920 ὃ,
466 2880 481 2913 8.
495 2880 511 2919 ὃ,
525 2877 540 2910 3.
555 2886 577 2911 ss.
