1982 3190
122 203 164 247 118
388 204 520 255 Apocalypsis
527 203 613 242 Baruchi
622 200 887 252 LXIX‚1-5‚LXX‚1—8.

122 401 124 403 ’
179 384 268 432 LXIX·
298 394 369 445 Aquae
387 395 439 433 enim
457 395 508 433 aliae
525 406 574 446 quas
592 394 666 443 vidisti,
684 407 735 445 quae
749 394 818 445 nigrae
833 399 889 433 crant

124 475 173 513 prae
191 461 281 500 omnibus
300 473 351 511 quae
369 465 415 499 aute
433 474 477 509 eas,
493 459 541 499 illae
558 473 609 512 quae
625 460 705 499 fuerunt
722 465 769 511 post
788 474 889 499 numerum

125 529 269 575 duodecimum,
299 540 349 578 quae
372 527 468 566 collectae
492 532 548 566 erant
572 526 639 575 simul,
664 527 724 565 totius
748 532 794 565 suut
816 528 890 565 mundi.

125 592 205 632 ²divisit
220 593 271 631 enim
286 593 397 632 Altissimus
412 594 436 632 ab
451 594 517 643 initio,
536 593 581 644 quia
594 594 638 645 ipse
652 593 706 632 solus
720 593 757 631 scit
771 592 824 644 quod
838 593 889 631 futu-

123 673 168 698 rum
185 664 254 699 estut
272 660 378 711 contingat.
413 658 502 712 ³flagitia
519 659 570 699 cuim
587 659 711 711 impietatum
733 672 784 711 quae
804 660 890 698 futurum

125 732 168 764 erat
185 731 207 764 ut
225 731 290 764 essent
303 726 325 764 in
340 731 445 776 conspectu
460 727 507 774 eius,
520 726 618 776 praevidit
632 727 702 765 modos
717 739 785 765 earum
799 738 841 774 sex,
855 723 890 763 4et

125 804 208 843 operum
222 792 319 831 bonorum
333 791 438 840 iustorum,
456 805 507 844 quae
520 792 608 830 futurum
622 797 665 829 erat
679 798 701 830 ut
714 793 856 843 perficerentur
869 792 890 830 in

126 863 233 909 conspectu
247 858 292 906 eius,
307 858 404 908 praevidit
418 859 488 897 modos
503 870 571 896 eorum
585 869 626 906 sex,
641 863 721 908 praeter
736 871 759 897 ea
774 871 825 910 quae
839 858 891 896 futu-

125 937 169 962 rum
183 929 213 963 est
227 928 249 961 ut
263 923 324 962 faciat
337 924 358 961 in
372 924 411 962 fine
425 924 503 962 saeculi.
526 923 622 974 ⁵propter
637 923 675 961 hoc
689 936 729 962 non
744 937 808 975 aquae
822 924 891 976 nigrae

126 1003 170 1028 oum
184 990 252 1041 nigris,
266 1002 330 1041 neque
344 989 420 1028 lucidae
435 1002 479 1027 curu
492 989 572 1037 lucidis;
586 989 631 1028 finis
645 994 676 1028 est
690 989 747 1028 euim.

181 1117 256 1165 LXX.
275 1128 329 1166 Audi
344 1140 390 1179 ergo
405 1128 589 1179 interpretationem
599 1141 694 1180 aquarum
704 1128 805 1179 nigrarum
814 1134 891 1179 postre-

126 1208 208 1242 marum,
223 1207 275 1245 quae
289 1194 375 1232 futurum
391 1199 420 1232 est
433 1198 456 1231 ut
469 1194 549 1231 veniant
563 1200 610 1244 post
624 1195 699 1246 nigras3
713 1195 752 1232 hoc
767 1200 796 1233 est
805 1195 891 1234 verbum.

126 1259 188 1299 2ecce
206 1260 247 1299 dies
264 1261 352 1309 venient⁷
375 1266 395 1298 et
414 1259 451 1298 erit
470 1272 513 1298 oum
533 1260 649 1300 maturuerit
670 1265 748 1312 tempus
768 1261 850 1311 saeculi⁷
873 1266 892 1300 et

126 1327 202 1364 venerit
216 1326 285 1365 messis
300 1325 394 1364 seminum
409 1326 449 1364 eius
463 1325 560 1364 malorum
576 1330 596 1364 et
610 1326 713 1373 bonorum,
728 1326 812 1365 adducet
826 1326 892 1366 Fortis

127 1405 186 1442 super
203 1397 277 1430 terram
295 1397 315 1430 et
328 1392 450 1430 habitatores
465 1391 512 1440 eius,
527 1397 547 1429 et
560 1404 620 1442 super
634 1392 776 1443 gubernatores
791 1393 831 1431 eius
846 1405 892 1431 con-

128 1457 261 1496 turbationem
276 1458 378 1508 spirituum
393 1462 413 1496 et
427 1463 529 1508 stuporem
543 1458 617 1506 cordis,
636 1456 669 1495 ³et
683 1458 751 1496 odient
765 1458 856 1507 invicem,
873 1464 893 1497 et

127 1536 148 1562 se
162 1525 301 1573 provocabunt
315 1524 397 1562 invicem
413 1523 438 1560 ad
453 1521 549 1574 pugnam,
567 1528 588 1561 et
602 1523 755 1563 dominabuntur
768 1524 894 1576 ignominiosi

127 1590 278 1638 honoratorum,
294 1595 314 1628 et
329 1589 449 1628 extollentur
464 1589 530 1640 exigui
544 1601 603 1639 super
617 1589 724 1640 gloriosos,
742 1588 776 1628 4et
791 1591 894 1629 tradentur

127 1655 183 1693 multi
197 1656 275 1705 paucis,
291 1660 311 1693 et
325 1655 478 1693 dominabuntur
492 1654 529 1703 illi,
548 1655 582 1705 qui
595 1654 644 1692 nihil
659 1660 724 1702 crant,
738 1667 797 1706 super
811 1656 894 1705 validos,

128 1727 148 1759 ct
162 1721 291 1759 abundabunt
304 1733 401 1772 pauperes
416 1733 475 1772 super
489 1720 565 1767 divites,
580 1725 601 1759 et
615 1720 756 1759 exaltabuntur
768 1721 823 1772 impii
835 1734 894 1773 super

126 1788 204 1835 heroas,
221 1786 253 1825 ⁵et
267 1787 353 1826 silebunt
367 1787 472 1838 sapientes,
487 1791 507 1825 et
520 1787 577 1826 stulti
590 1785 703 1837 loquentur,
716 1798 780 1837 neque
790 1789 893 1827 confirma-

127 1854 181 1892 bitur
198 1858 246 1892 tunc
260 1854 355 1904 cogitatio
370 1854 470 1891 hominum
484 1866 548 1904 neque
562 1853 664 1891 consilium
678 1852 695 1892 F
697 1853 754 1901 ortis,
768 1866 833 1905 neque
848 1867 894 1892 con-

127 1919 238 1958 firmabitur
255 1932 300 1970 spes
318 1919 444 1970 sperantium.
475 1917 612 1967 tentantem,
627 1932 671 1957 curn
685 1919 758 1958 fiterint
773 1931 823 1969 quae
837 1933 895 1970 prae·

129 1986 182 2024 dicta
197 1991 248 2033 sunt,
263 1985 321 2023 cadet
334 1986 436 2036 permistio
450 1985 471 2022 in
486 1997 554 2024 omnes
568 1985 663 2033 homines⁷
679 1990 699 2023 et
713 1998 739 2023 ex
752 1985 776 2023 iis
788 1985 809 2023 in
817 1986 894 2036 proelio

130 2053 207 2100 cadent,
222 2057 242 2090 et
257 2052 319 2090 exiis
333 2052 355 2090 in
370 2051 465 2102 angustiis
479 2051 576 2102 peribunt,
592 2056 612 2090 et
627 2063 652 2089 ex
665 2051 690 2090 iis
700 2051 725 2089 ab
735 2050 774 2089 illis
784 2050 818 2101 qui
827 2063 895 2089 eorum

129 2124 175 2157 sunt
195 2118 330 2169 impedientur.
360 2117 508 2156 7manifestabit
530 2122 596 2155 autem
617 2116 731 2155 Altissimns
752 2116 790 2155 illis
811 2116 896 2167 populis,
957 2162 960 2167 ,

130 2198 179 2236 quos
197 2191 257 2223 antea
273 2185 361 2236 paravit,
384 2189 404 2223 et
420 2185 500 2222 venient
518 2190 538 2222 et
555 2182 681 2233 procliabunt
699 2195 743 2220 cum
762 2182 842 2221 ducibus
862 2183 895 2234 qui

129 2252 200 2302 reliqui
214 2251 288 2290 fuerint
302 2256 354 2290 tunc,
378 2249 412 2289 8et
426 2251 469 2299 erit,
484 2250 600 2301 quicumque
610 2249 695 2288 evaserit
705 2248 786 2298 abello⁷
799 2250 896 2288 interrae

129 2324 185 2356 motu
199 2318 300 2366 morietur,
315 2324 335 2356 ct
350 2318 383 2368 qui
398 2317 483 2356 evaserit
497 2329 510 2354 a
525 2322 591 2355 terrae
605 2321 661 2354 motu
674 2316 695 2354 in
709 2316 755 2366 igne
765 2316 896 2365 comburetur,

178 2560 244 2606 LXIX,
264 2562 279 2593 t.
298 2560 358 2602 „aliae
373 2547 440 2604 liqui,
454 2560 486 2593 scd
498 2560 595 2602 allegatur
614 2547 679 2603 litui,
695 2560 743 2602 quod
757 2559 788 2591 vix
804 2558 863 2591 differt
877 2559 896 2590 in

130 2617 189 2650 forma
199 2617 263 2650 literae
274 2617 310 2657 iud,
323 2617 356 2648 erit
367 2621 473 2660 postremae,
486 2617 534 2659 quod
542 2616 633 2658 probabile
642 2626 664 2647 ex
673 2616 773 2649 contextu.“
794 2614 865 2648 Ceriani
873 2633 896 2638 -

131 2690 147 2722 4.
161 2688 222 2731 scripsi
234 2688 331 2730 praevidit,
347 2675 386 2731 ltu,
398 2688 424 2720 uti
437 2688 514 2721 correxit
526 2686 606 2728 Ceriani;
619 2686 676 2719 codex
692 2667 728 2731 ltu,
741 2686 833 2730 praevidet
844 2703 867 2708 —
878 2689 898 2718 ut

132 2768 191 2809 faciat,
204 2768 261 2800 codex
280 2766 353 2814 ρᾨξ.

178 2845 232 2893 LXX,
246 2849 262 2881 ὃ.
275 2817 362 2888 ,ξάθίίοὶεῃ
374 2847 430 2880 codex
443 2846 526 2887 wal,
540 2846 599 2888 addet,
611 2847 658 2879 male
670 2849 689 2878 ut
701 2849 750 2888 patet
761 2855 793 2887 pro
803 2844 897 2878 *amb

132 2902 207 2935 Ceriani.
