1982 3190
115 139 371 210 L11,4-a.Lffl,1-1a
386 162 520 213 Apocalypsis
530 161 617 201 Baruclri
746 167 748 171 '
847 163 888 205 109

114 276 184 309 ventur
202 271 353 310 lamentationes
371 272 427 310 initio
445 271 498 311 illius
517 273 611 310 tormenti
632 273 702 319 futuri,
725 277 744 310 et
764 277 887 321 reponantur

113 337 216 387 lacrymae
233 339 258 376 ad
278 338 383 377 adventum
399 338 454 376 exitii
468 339 563 388 temporis
577 338 635 376 illius.
665 337 714 377 4sed
730 338 790 375 etiam
806 342 887 375 econtra

113 404 163 442 haee
179 404 256 455 loquar.
286 403 319 442 ⁵et
336 404 383 442 iusti
401 402 448 454 quid
466 404 540 442 facient
558 404 622 447 nunc?
650 404 789 443 5delectamini
805 404 826 441 iu
841 415 886 454 pas-

113 470 200 519 sionibus
215 484 265 522 quas
279 470 369 521 patimini
383 483 441 509 nunc.
459 482 493 508 cur
509 470 560 508 enim
575 471 683 521 respicietis
698 472 719 509 in
734 471 887 515 declinationem

113 531 236 576 inimicorum
251 535 375 576 vestrorum?
396 535 508 585 ⁷oispontte
523 536 609 573 animam
624 543 710 574 vestram
724 537 748 575 iis
764 550 816 588 quae
830 536 886 575 vobis

113 609 215 642 reservata
229 608 283 650 suut,
298 607 318 639 et
331 607 451 652 praeparate
466 601 542 639 animas
557 607 633 640 vestras
648 603 742 650 mercedi,
761 616 812 654 quae
827 616 886 653 repo-

114 670 152 708 sita
167 676 196 709 est
210 670 271 707 vobis.
303 667 336 705 8et
351 680 395 705 cum
409 668 459 705 haec
474 667 574 714 dixissem,
589 669 701 706 obdormivi
715 669 748 707 ibi.

170 798 239 845 LHI.
264 808 291 845 Et
310 807 350 845 vidi
370 807 475 854 visionem3
494 811 514 844 et
532 819 577 845 ecce
595 808 657 845 nubes
673 820 713 845 una
727 808 847 846 ascendebat
862 809 886 846 de

112 875 163 913 mari
184 887 257 926 magno
279 874 344 920 valde,
367 877 386 911 et
406 872 498 910 intuebar
517 885 570 920 eam,
589 878 609 911 et
627 885 673 911 ecce
690 873 750 923 plena
769 879 812 911 erat
830 875 887 925 aquis

114 941 163 979 albis
182 947 201 978 et
216 941 285 991 nigris,
306 945 325 978 et
341 939 418 978 colores
433 939 490 976 multi
506 945 562 977 erant
576 940 598 977 in
613 939 669 990 aquis
683 940 734 987 istis,
750 944 769 977 et
785 944 886 990 tamquam

113 1006 219 1046 similitudo
237 1007 319 1057 fulguris
336 1006 403 1056 magni
418 1006 527 1055 apparebat
542 1006 563 1043 in
578 1007 703 1044 extremitate
719 1006 766 1044 eius.
796 1005 832 1044 ²et
846 1007 887 1045 vidi

113 1074 184 1112 nubem
202 1072 256 1110 illam
272 1086 323 1124 quae
337 1073 436 1111 transibat
450 1071 544 1110 velociter
558 1072 579 1110 in
595 1073 683 1111 cursibus
699 1072 804 1122 celeribus,
819 1080 839 1111 et
854 1086 886 1111 co-

113 1140 192 1189 operuit
205 1144 269 1177 totam
284 1145 364 1176 terram.
396 1138 428 1177 ³et
442 1138 517 1176 factum
532 1143 562 1177 est
576 1144 623 1189 post
637 1139 693 1186 haee,
708 1139 810 1189 inceperat
825 1141 887 1178 nubes

112 1206 147 1244 illa
165 1206 233 1256 pluere
251 1210 398 1256 superterram
413 1217 475 1255 aquas
491 1217 541 1255 quae
557 1210 613 1243 erant
628 1206 648 1242 in
662 1206 711 1255 ipsa.
742 1204 776 1243 4et
791 1206 831 1244 ridi
846 1219 886 1244 non

112 1284 173 1309 uuam
202 1283 245 1310 esse
269 1271 416 1309 similitudinem
440 1283 536 1321 aquarum
561 1283 612 1320 quae
637 1271 783 1310 descendebant
808 1272 832 1310 de
857 1285 886 1311 ea.

114 1337 211 1388 ⁵primum
233 1338 285 1375 enim
306 1337 382 1374 initium
400 1337 469 1387 nigrae
488 1341 545 1375 crant
562 1337 621 1375 valde
639 1348 701 1387 usque
719 1338 745 1375 ad
760 1343 847 1388 tempus,
867 1345 887 1376 et

113 1409 183 1454 postea
202 1402 241 1441 ridi
259 1416 321 1453 aquas
339 1403 383 1441 fieri
399 1402 484 1449 lucidas,
504 1403 540 1440 sed
558 1416 599 1441 non
614 1409 672 1441 erant
686 1404 766 1451 multae,
782 1410 802 1442 et
815 1411 887 1455 postea

112 1471 184 1507 iterum
201 1469 242 1506 vidi
260 1470 334 1519 nigras,
350 1474 370 1507 et
384 1474 455 1519 postea
469 1468 540 1506 iterum
555 1468 640 1517 lucidas,
659 1470 764 1508 etiterum
779 1471 852 1522 nigras,
868 1478 887 1509 et

112 1536 184 1573 iterum
198 1534 279 1572 lucidas.
310 1534 362 1573 6hoc
377 1540 443 1572 autem
457 1534 531 1572 factum
547 1540 576 1582 est
591 1548 653 1585 usque
668 1537 694 1574 ad
709 1537 813 1575 duodecim
828 1537 886 1586 vices,

114 1602 149 1639 sed
168 1601 236 1651 nigrae
252 1600 319 1650 plures
339 1606 395 1638 erant
414 1613 492 1649 semper
513 1612 572 1650 quam
589 1600 673 1640 lucidae.
704 1601 737 1639 7et
754 1602 791 1640 fuit
808 1603 828 1640 in
846 1604 886 1641 fine

113 1667 176 1713 nubis,
191 1671 211 1704 et
227 1678 271 1704 ecce
285 1666 336 1716 pluit
351 1678 412 1716 aquas
426 1667 500 1716 nigras,
515 1671 534 1704 et
549 1667 666 1705 tenebrosae
682 1673 738 1706 erant
752 1670 816 1720 magis
827 1682 886 1720 quam

113 1744 181 1770 omnes
196 1743 260 1781 aquae
275 1731 357 1781 priores,
372 1737 392 1769 et
406 1731 457 1782 ignis
472 1733 541 1770 mistus
557 1737 600 1770 erat
614 1733 634 1770 in
650 1734 683 1780 eis,
699 1739 719 1771 et
733 1735 767 1772 ubi
781 1735 886 1774 descende-

112 1798 161 1835 bant
176 1808 239 1847 aquae
253 1797 306 1844 illae,
321 1797 431 1835 afferebant
446 1799 594 1847 corruptionem
604 1804 624 1837 et
634 1800 721 1837 exitium.
743 1799 775 1838 8et
790 1802 830 1839 uidi
840 1809 886 1851 post

113 1864 162 1901 haec
179 1862 255 1912 fulgur,
272 1863 326 1913 quod
343 1863 432 1900 videram
449 1863 469 1900 in
489 1865 615 1903 extremitate
632 1866 699 1914 nubis,
717 1867 771 1917 quod
789 1880 834 1905 eum
851 1881 886 1918 ap-

113 1929 218 1979 prehendit
233 1934 252 1966 et
267 1929 354 1966 detraxit
369 1942 431 1979 nsque
446 1929 471 1966 ad
486 1934 566 1968 terram.
597 1930 696 1970 ⁹maxime
712 1939 778 1971 autem
792 1933 888 1972 illuxerat

113 1994 179 2045 fulgur
200 1993 259 2041 illud,
280 1995 309 2032 ita
331 1999 353 2032 ut
374 1994 494 2033 illuminaret
516 2000 579 2034 totam
601 2002 685 2046 terram,
708 2004 728 2037 et
745 2000 823 2038 sanavit
842 1999 886 2039 illas

100 2065 101 2068 ’
113 2060 210 2111 regiones,
225 2060 259 2098 ubi
273 2061 415 2099 descenderant
425 2074 489 2112 aquae
499 2068 614 2112 postremae
624 2069 642 2101 et
653 2065 761 2114 perniciem
772 2065 887 2104 attulerant.

115 2125 159 2163 ¹⁰et
177 2126 288 2175 occupabat
307 2132 369 2165 totam
388 2134 463 2165 terram
482 2135 501 2166 et
519 2129 641 2167 dominatum
659 2136 689 2169 cst
706 2131 753 2170 eius.
785 2130 829 2169 llet
847 2132 887 2170 vidi

113 2191 229 2241 posthaec,
245 2198 264 2231 et
279 2205 324 2231 ecce
339 2194 443 2231 duodecim
458 2194 512 2232 fluvii
525 2196 658 2234 ascendebant
669 2197 693 2235 de
703 2198 759 2245 mari,
775 2203 794 2236 et
805 2198 886 2236 circum-

114 2257 189 2294 dabant
206 2257 256 2295 illud
270 2259 341 2310 fulgur,
357 2265 376 2298 et
391 2260 545 2298 subiiciebantur
556 2262 578 2299 ei.
596 2260 642 2300 12et
652 2275 689 2312 ego
700 2276 749 2313 prae
759 2265 831 2304 timore
841 2278 885 2303 meo

115 2322 211 2372 evigilavi.

161 2554 207 2600 llll,
221 2556 237 2588 ὁ.
250 2556 325 2597 primum
339 2558 384 2588 euim
398 2558 473 2599 initium,
487 2558 551 2590 codex:
567 2549 642 2603 impe
662 2568 702 2619 Q
717 2553 788 2601 Lem,
