1982 3190
116 158 133 188 x
453 151 555 189 Praefatio

117 257 262 314 complurium
277 257 378 300 codicum
392 257 522 299 lectionibus
538 257 672 300 variantibus
687 258 720 300 uti
735 258 814 315 potuit,
834 272 888 314 quas

117 328 176 384 Aug.
191 327 304 369 Dillmann
320 326 409 382 collegit
425 332 446 369 et
460 325 540 369 Euald
553 326 568 367 l.
582 326 597 368 l.
613 342 634 382 p.
651 326 684 368 92.
701 341 729 370 ss.
745 327 822 382 edidit,
841 333 888 369 tum

117 396 233 439 collatione
254 396 322 438 trium
345 394 446 438 codicum
464 394 700 450 Francofurtanorum,
722 396 816 438 menime
835 412 888 439 uero

117 465 199 508 codicis
214 464 371 519 Berolinensis,
387 480 453 520 quam
468 465 548 508 Franc.
564 464 691 508 Praetorius
702 463 722 507 ei
733 465 888 521 suppeditavit.

174 534 255 576 Exstat
270 534 364 590 denique
379 534 444 576 etiam
459 535 530 577 versio
541 534 643 589 armenia,
658 535 682 576 in
697 549 740 591 qua
749 533 805 576 liber
814 540 889 576 noster

116 603 194 646 tertius
213 602 298 645 Esdrae
318 603 446 660 appellatur.
469 604 523 645 haec
540 603 599 659 typis
618 603 662 644 iarn
685 604 793 660 exscripta
812 609 845 645 est
866 603 889 644 in

117 671 195 716 Bibliis
215 672 327 726 armeniis,
346 687 402 728 quae
416 672 517 715 Venetiis
533 672 596 714 1805.
617 678 706 714 curante
721 672 823 725 Zohrabo
838 688 889 729 pro-

117 740 216 795 dierunt,
235 741 274 784 sed
292 756 362 797 nuper
381 741 468 783 demum
486 741 584 784 virorum
603 741 718 784 doctorum
738 742 811 784 studia
828 742 889 785 inse

117 810 233 865 convertit,
243 827 263 852 v.
275 825 331 866 quae
341 810 445 853 disseruit
455 809 543 852 Ceriani
552 810 567 851 l.
574 810 588 852 l.
599 809 627 852 V.
639 812 657 851 1.
669 810 779 866 (Mediol,
788 812 850 854 1868.
858 812 889 866 4.)

117 895 139 936 p.
154 880 246 922 iti-tt.
261 878 329 921 latine
343 878 430 921 reddita
445 895 457 921 a
472 878 514 921 lul.
529 878 598 921 Henr.
614 879 767 934 Petermanno,
783 880 821 936 qui
836 896 890 935 qua-

118 954 167 991 tuor
184 947 269 991 codiccs
285 948 487 991 Mechitaristarum
502 948 604 1003 contulit,
619 948 701 1005 legitur
716 948 738 989 in
753 949 890 1005 Hilgenfeldi

117 1019 131 1059 l.
146 1018 161 1059 l.
176 1034 197 1074 p.
214 1018 262 1060 3r8.
279 1032 307 1061 ss.
323 1018 464 1073 interpretem
475 1017 596 1060 armenium
606 1023 669 1060 textu
679 1032 758 1075 graeco
769 1034 832 1062 usum
843 1033 890 1062 esse

117 1103 162 1129 non
181 1086 258 1141 credo,
278 1086 316 1130 sed
335 1103 361 1129 ex
382 1102 513 1143 quocunque
530 1086 619 1129 tandem
636 1086 697 1129 fonte
712 1086 791 1142 hausit,
807 1093 890 1130 tantam

117 1156 159 1198 sibi
180 1157 204 1198 in
225 1155 332 1198 vertendo
354 1156 464 1198 licentiam
486 1156 589 1213 sumpsit,
611 1162 637 1198 ut
655 1156 684 1198 ad
701 1156 821 1214 genuinum
841 1156 891 1199 libri

118 1231 202 1267 textum
221 1225 381 1267 restituendum
399 1240 517 1281 perparum
535 1225 639 1267 conferat.

175 1293 254 1350 Capita
274 1294 291 1336 I.
309 1294 340 1336 Π.
359 1293 413 1336 XV.
432 1293 498 1336 XVI.
517 1295 540 1336 in
557 1294 621 1338 libris
642 1310 707 1336 manu
726 1293 812 1351 scriptis
831 1295 891 1349 varie

117 1364 277 1419 inscribuntur,
303 1379 343 1420 ego
366 1368 391 1405 ut
416 1379 428 1404 a
452 1363 509 1405 libro
533 1362 619 1405 Esdree
642 1369 720 1419 quarto
744 1363 891 1406 discernerem

118 1434 220 1489 quintum
237 1432 352 1489 appellavi.
374 1432 453 1474 horum
471 1447 514 1474 una
531 1438 618 1475 tantum
635 1433 707 1475 versio
726 1439 798 1476 exstat
815 1433 890 1488 latina,

118 1518 184 1558 quarn
214 1501 281 1543 aliurn
310 1501 420 1557 quendam
446 1501 520 1544 virum
545 1501 634 1544 doctum
659 1500 795 1556 condidisse,
826 1518 889 1558 quam

118 1572 155 1626 qui
182 1576 285 1627 qurutum
311 1570 390 1612 librum
416 1571 562 1625 transtulerit,
592 1570 720 1627 Hilgenfeld
745 1577 803 1613 recte
828 1572 890 1614 dixit.

117 1641 212 1695 scriptor
233 1640 280 1696 ipse
303 1654 382 1696 graeca
403 1640 479 1697 lingua
501 1655 554 1683 usus
576 1645 620 1695 est,
643 1640 669 1682 cf.
692 1639 820 1696 Hilgenfeld
844 1641 857 1682 l.
876 1640 890 1682 l.

116 1726 137 1766 p.
153 1709 266 1751 XLVHI.
282 1726 299 1752 s.
320 1715 429 1751 caeterum
448 1708 502 1751 haec
522 1708 671 1751 additamenta
689 1710 811 1766 fragmenta
825 1710 890 1752 unius

117 1780 259 1834 eiusdemque
283 1778 334 1821 libri
359 1793 405 1820 esse
431 1778 543 1834 existimo,
569 1779 606 1834 qui
629 1794 673 1820 non
693 1779 778 1836 integer
798 1785 891 1822 aetatem

117 1849 193 1890 tulerit
202 1863 310 1904 quemque
318 1847 457 1890 Christianus
466 1847 554 1903 quidam
563 1863 587 1890 eo
597 1848 687 1890 consilio
697 1849 858 1905 conscripserit,
866 1855 891 1891 ut

118 1917 214 1972 doceret,
230 1933 322 1974 regnum
338 1916 436 1958 divitium
446 1916 534 1959 truncis
545 1917 711 1960 contumacibus
722 1934 734 1959 a
744 1917 793 1960 Deo
804 1918 890 1960 reiectis

116 1988 160 2030 iarn
183 1987 284 2044 gentibus
307 1992 384 2042 utpote
406 1986 447 2042 piis
467 1985 549 2029 Christi
570 1986 739 2029 assectatoribus
758 1986 891 2030 destinatum

117 2072 171 2111 esse,
188 2056 267 2113 quibus
282 2055 395 2098 laboribus
412 2062 433 2098 et
447 2055 603 2099 crudelissimis
613 2056 802 2112 persecutionibus
814 2063 890 2098 erant-

116 2126 166 2169 latis
186 2133 208 2169 et
227 2126 297 2169 saevis
316 2125 417 2168 hostibus
436 2140 448 2166 a
467 2124 516 2166 Deo
535 2125 687 2180 conquassatis
703 2125 785 2182 optima
801 2126 890 2181 qumvis

117 2195 225 2252 speranda
245 2200 322 2238 essent.
346 2196 420 2250 itaque
439 2194 493 2236 haec
510 2194 560 2237 libri
576 2209 625 2236 eum
639 2194 724 2238 Esdrae
739 2195 795 2237 libro
812 2202 890 2251 quarto

117 2271 151 2309 est
166 2266 316 2318 necessitudo,
336 2270 361 2306 ut
376 2264 470 2321 scriptor
486 2263 537 2307 huic
552 2264 714 2320 quodammodo
733 2265 890 2307 correctionem

116 2334 247 2378 adhibuerit.
263 2334 290 2376 dc
305 2333 356 2376 libri
366 2339 437 2376 aetate
447 2349 492 2376 non
501 2333 571 2376 habeo
583 2333 643 2389 quod
654 2350 695 2390 pro
706 2339 765 2376 certo
777 2333 889 2377 affirmem.

117 2404 172 2446 Alii.
196 2403 223 2446 de
246 2402 379 2446 Gutschmid
402 2403 543 2459 (Zeitschrift
565 2403 600 2445 fur
623 2403 748 2447 wissensoh.
771 2404 890 2462 Theologie

117 2475 178 2516 1860.
194 2490 215 2530 p.
229 2475 246 2514 l.
258 2475 297 2530 ss.)
313 2473 450 2530 Aegyptium
461 2472 570 2528 querulam
580 2473 654 2529 priora
665 2473 737 2530 capita
747 2489 765 2515 a.
776 2474 821 2516 fere
833 2474 889 2528 201,

115 2544 239 2600 posteriora
247 2558 265 2584 a.
274 2543 319 2585 fere
328 2542 375 2585 ⁴263.
384 2559 405 2599 p.
414 2540 454 2584 Ch.
462 2558 483 2584 n.
492 2542 577 2585 Esdrae
587 2542 643 2585 libro
652 2541 763 2586 addidisse
772 2543 889 2598 existimat,

116 2613 223 2655 Volkrnar
233 2612 247 2654 l.
258 2612 271 2653 l.
280 2628 301 2668 p.
313 2612 360 2654 ἳῖῖ.
371 2612 446 2668 priora
456 2627 474 2653 n.
485 2612 531 2654 fere
543 2612 598 2667 160,
609 2612 731 2669 posteriora
738 2628 756 2654 a.
765 2614 810 2655 fere
818 2613 860 2656 '260
867 2630 888 2670 p.

116 2680 156 2724 Ch.
165 2698 186 2724 n.
195 2681 279 2725 adiecta
288 2696 334 2724 esse
342 2688 423 2736 narrat,
435 2681 531 2737 <lenique
538 2687 632 2738 utraque
642 2681 669 2724 el)
678 2681 755 2724 codem
763 2680 889 2743 Christiano

117 2752 246 2795 occidentali
269 2768 287 2793 a.
307 2751 355 2794 268.
374 2767 395 2808 p.
415 2750 455 2793 Oh.
472 2767 492 2792 n.
515 2751 608 2794 fortasse
630 2750 714 2794 Romae
737 2752 819 2809 scripta
842 2768 889 2796 esse

116 2822 243 2880 Hilgenfeld
258 2823 272 2863 l.
288 2821 301 2864 l.
317 2837 337 2878 p.
354 2822 402 2864 206.
418 2836 446 2864 ss.
463 2820 624 2865 demonstrasse
639 2821 680 2865 sibi
696 2820 789 2863 videtur.
930 2815 932 2817 ’
