1982 3190
430 133 545 183 Assumptio
560 132 653 183 Moyscos

167 363 200 405 92.
216 364 238 403 et
253 361 399 404 concutientur

216 467 239 508 et
254 465 360 509 conualles
376 466 452 509 cudent

217 570 250 612 uel
263 583 307 613 ncn
323 571 382 614 caut
395 571 467 613 lumen

217 675 276 718 etin
291 675 384 718 tenebris
401 687 440 718 con

217 782 303 822 [tentent
318 792 340 822 se
355 792 435 822 cornua

217 884 280 926 limae
296 887 318 927 et
333 882 456 938 confungen

218 991 253 1031 tui·
268 991 290 1030 et
304 991 352 1030 tete
367 1000 445 1030 conuen

218 1093 245 1135 tit
261 1105 284 1135 se
298 1092 320 1134 in
336 1092 438 1146 sunguine
453 1095 475 1134 et

218 1197 276 1240 orbis
291 1195 402 1239 stellarum
417 1208 457 1239 cen

219 1301 345 1344 tunuuuitun
361 1304 383 1344 et
397 1313 432 1343 me

218 1419 242 1449 ne
257 1418 325 1459 usque
340 1405 367 1448 ad
383 1405 483 1458 abyssum

220 1510 303 1553 decedit
318 1510 345 1552 ud
359 1508 430 1552 fontes

219 1597 321 1669 aquenum
339 1612 437 1657 deficient

199 1727 201 1730 ’
220 1722 241 1763 ct
256 1719 343 1763 flumina
358 1730 450 1772 expuues

219 1828 274 1868 cent·
291 1825 340 1879 quia
355 1823 438 1877 exurgit

220 1941 315 1973 summus
331 1928 383 1971 deus
399 1931 499 1970 aeternus

220 2034 278 2077 solus
293 2036 315 2076 ct
329 2033 400 2087 palam
414 2043 441 2074 ne

220 2139 265 2182 niet
279 2140 304 2180 ut
318 2137 411 2181 uindicet
426 2148 467 2191 gen

220 2247 253 2287 tes
269 2246 290 2285 et
304 2243 380 2297 perdet
395 2254 430 2284 om

220 2349 256 2391 nia
270 2348 328 2391 idola
342 2359 416 2391 eccuni

207 2454 266 2497 Tune
280 2452 330 2496 felix
340 2438 387 2494 ‘eris
401 2454 425 2494 tu
439 2452 458 2494 is

219 2558 289 2602 trahel
304 2561 325 2601 et
340 2556 442 2600 ascendes

222 2677 286 2719 supi-u
302 2662 394 2706 centices
409 2664 431 2704 et

221 2770 265 2813 elus
281 2768 365 2823 uquilac
381 2767 438 2810 etin

808 132 833 181 X,
850 130 925 172 5-14'.

606 361 721 415 plebuutur
736 364 758 404 et
773 361 817 404 ulta

606 467 639 509 uit
653 469 675 509 te
689 466 742 509 deus
758 468 779 509 et
793 463 857 509 faciet
872 468 894 508 te

606 572 681 614 hecene
696 570 754 614 cneio
770 570 832 613 steila

606 689 654 718 rum
668 675 715 719 loco
730 675 834 718 habitatio

607 781 640 823 uis
656 792 734 823 conum·
750 783 772 823 et
786 792 837 823 cens

607 884 667 939 piyes
682 897 695 927 e
710 896 792 927 summo
808 887 830 927 et
844 885 866 927 ui

608 988 645 1032 des
660 988 758 1032 inimicos
773 991 822 1032 tuos

607 1093 629 1135 in
644 1096 723 1136 tenum
739 1096 760 1136 et
775 1105 853 1148 cegnos

609 1209 643 1241 ces
657 1197 706 1240 illos
721 1200 743 1240 et
758 1196 859 1252 gaudebis

609 1304 631 1345 et
645 1302 691 1356 egis
706 1301 786 1356 gratius
802 1304 822 1344 et
838 1313 877 1344 con

609 1404 703 1449 fitebecis
719 1406 809 1449 creatori

609 1513 646 1553 tuo
662 1522 712 1553 ncun
726 1513 751 1553 tu
765 1511 810 1554 iesu
824 1523 852 1552 nu

610 1628 637 1657 ue
652 1614 737 1658 custodi
751 1615 818 1657 uerba

609 1719 662 1762 haec
677 1721 699 1762 et
713 1719 769 1762 huuc
783 1719 860 1761 librum

611 1827 673 1866 erunt
688 1824 743 1866 enini
758 1837 771 1867 a
786 1826 855 1866 morte

609 1929 753 1982 receptionem
767 1940 835 1982 usquc

610 2033 638 2075 ad
653 2033 768 2075 aduentum
783 2032 839 2075 iliius

610 2141 709 2190 tempere
723 2136 766 2179 cci·
782 2148 837 2190 quae

610 2241 664 2284 fiunt
678 2241 710 2284 Et
724 2241 758 2283 cn
775 2254 849 2285 cursus

611 2380 615 2388 .
632 2380 636 2388 .
653 2380 658 2388 .
673 2346 750 2389 horum
765 2349 840 2401 quem*

611 2451 740 2494 conueniunt
755 2452 822 2495 denec

611 2559 765 2599 consumment
778 2569 783 2578 ·

596 2662 642 2715 ugo
658 2665 729 2705 autem
744 2661 772 2704 ed
787 2661 854 2704 donini

611 2768 691 2811 tionem
706 2769 791 2821 petrum
806 2778 840 2809 unc
