1982 3190
111 136 355 187 nuxit-muni.
379 135 512 189 Apocalypsis
526 135 613 175 Baruchi
689 115 691 118 .
837 114 879 179 i19

111 254 131 287 et
153 248 186 299 qui
205 249 290 287 evaserit
307 248 333 286 ab
351 248 398 299 igne
414 248 435 286 in
453 247 506 286 fame
523 247 605 286 deficiet.
639 245 675 284 ⁹et
693 246 740 294 erit,
762 246 879 298 quicumque

112 315 197 354 evaserit
212 319 232 352 et
246 314 337 366 effugerit
350 314 375 353 ab
391 314 480 353 omnibus
494 314 537 353 istis
550 312 657 364 praedictis
671 325 697 351 ex
707 313 735 351 eis
745 311 779 362 qui
788 312 879 351 vicerunt

111 385 132 418 et
145 380 192 419 victi
206 381 291 429 luerunt,
305 381 409 419 tradentur
423 380 444 418 in
458 391 526 418 manus
541 379 592 418 servi
606 379 645 417 mei
654 378 744 417 Messiae.
770 376 878 417 l⁰devora-

110 458 140 496 bit
164 458 215 498 enim
239 459 302 498 omnis
326 462 381 497 terra
403 457 527 496 habitatores
550 468 603 495 suos.
632 446 723 494 LXXI·
741 461 796 495 terra
810 460 878 495 autem

110 531 180 564 sancta
198 525 323 564 miserebitur
341 536 401 575 super
417 535 472 572 suos,
492 528 512 561 et
530 527 624 574 proteget
639 523 763 562 habitatores
781 535 827 562 suos
841 523 877 562 illo

111 597 204 642 tempore.
234 591 298 630 2haee
316 595 346 629 est
362 590 412 629 visio
430 601 490 641 quam
503 589 579 637 vidisti,
596 594 617 627 et
630 589 680 628 haec
694 594 725 628 est
738 588 877 640 interpretatio

110 657 157 696 eius.
188 656 246 697 ³veni
264 661 330 695 autem
350 669 397 708 ego,
414 661 437 694 ut
454 656 539 695 dicerem
556 655 592 694 tibi
610 655 658 703 ista,
676 655 723 706 quia
737 656 832 695 exaudita
846 662 877 696 est

109 725 218 775 postulatio
233 729 268 762 tua
281 722 335 774 apud
348 723 477 761 Altissimum.

167 851 273 899 LXXII.
301 862 356 900 Audi
370 866 436 900 autem
450 866 471 899 et
485 860 510 899 de
524 859 580 911 aquis
594 859 671 908 lucidis,
686 872 737 911 quae
750 860 838 899 futurum
848 868 878 901 est

110 933 132 967 ut
149 928 190 967 sint
210 929 231 966 in
249 928 288 966 fine
309 933 356 978 post
374 928 410 966 has
432 927 508 978 nigras3
529 926 568 964 hoc
589 932 620 965 est
640 921 730 965 verbumss
757 925 879 979 ²postquam

110 996 199 1034 venerint
212 995 270 1046 signa
284 1007 335 1045 quae
349 992 402 1032 dicta
416 997 462 1031 sunt
476 993 513 1031 tibi
527 997 596 1040 antea,
613 993 693 1043 quando
708 994 879 1033 conturbabuntur

110 1066 185 1112 gentes,
201 1066 220 1099 et
234 1061 301 1099 veniet
315 1065 392 1109 tempus
406 1057 491 1097 Messias
504 1059 548 1107 mei,
563 1064 584 1097 et
598 1059 705 1098 advocabit
719 1072 786 1098 omnes
801 1066 878 1112 gentes,

111 1132 131 1165 et
146 1140 171 1165 ex
185 1127 213 1165 eis
227 1125 340 1175 vivificabit,
355 1130 375 1163 et
390 1137 416 1163 ex
431 1125 459 1162 eis
472 1125 583 1163 interficiet.
600 1123 662 1163 ³haec
676 1137 724 1176 ergo
739 1127 878 1176 supervenient

109 1193 201 1243 gentibus
214 1191 254 1230 illis
269 1204 319 1242 quae
333 1191 421 1229 futurum
435 1195 502 1228 estut
516 1191 585 1229 vivant
600 1191 625 1229 ab
641 1204 671 1229 eo.
700 1190 778 1230 4omnis
791 1194 878 1243 populus

110 1258 144 1308 qui
160 1271 202 1296 non
219 1249 284 1296 noscit
300 1256 372 1305 Israel,
390 1269 454 1307 neque
472 1256 595 1295 conculcavit
611 1268 679 1295 semen
692 1257 764 1306 Iacob,
784 1259 828 1309 ipse
847 1265 878 1298 est

110 1324 144 1374 qui
157 1325 220 1370 vivet3
238 1322 272 1361 ⁵et
285 1324 333 1370 hoc,
351 1323 398 1373 quia
411 1323 537 1361 subiicientur
552 1336 578 1361 ex
593 1323 684 1362 omnibus
698 1324 788 1373 gentibus
802 1325 877 1375 populo

110 1395 150 1429 tuo.
181 1388 261 1427 ⁶omnes
275 1388 305 1427 illi
319 1393 385 1426 autem
400 1388 433 1439 qui
448 1388 543 1427 dominati
552 1393 599 1427 suut
607 1388 670 1436 vobis,
685 1394 720 1427 aut
728 1395 827 1429 noverunt
835 1397 879 1439 vos,

109 1456 142 1494 isti
157 1467 225 1493 omnes
238 1455 260 1492 in
274 1453 362 1505 gladium
375 1454 485 1493 tradentur.

164 1582 283 1630 LXXIII·
301 1592 330 1631 Et
343 1592 381 1630 erit
394 1597 500 1642 postquam
514 1590 647 1632 humiliaverit
661 1593 798 1645 quodcumque
812 1599 842 1634 est
856 1595 878 1633 in

109 1658 192 1706 mundo,
210 1662 230 1696 et
248 1658 321 1697 sederit
339 1658 360 1695 in
377 1670 427 1707 pace
443 1658 464 1695 in
482 1662 584 1696 aeternum
601 1670 661 1709 super
678 1660 750 1699 throno
767 1661 824 1711 regni
841 1661 878 1709 sui,

109 1730 156 1762 tnnc
165 1723 285 1762 revelabitur
298 1724 319 1761 in
333 1722 460 1771 iucunditate,
475 1728 496 1764 et
508 1723 643 1774 tranquillitas
657 1725 771 1775 apparebit;
785 1724 821 1764 2et
829 1731 877 1766 tunc

109 1790 184 1829 sanitas
199 1789 237 1828 erit
251 1788 371 1829 descendens
384 1789 406 1827 in
419 1802 471 1837 rore,
486 1794 507 1828 et
520 1789 624 1828 infirmitas
633 1791 720 1840 recedet,
734 1796 754 1829 et
763 1791 877 1831 sollicitudo

110 1861 131 1895 et
147 1855 239 1907 angustia
256 1860 276 1894 et
293 1855 376 1907 gemitus
394 1855 507 1895 transibunt
521 1856 546 1895 ab
560 1856 681 1905 hominibus,
698 1862 718 1895 et
732 1857 878 1907 perambulabit

109 1920 202 1972 gaudium
219 1920 240 1959 in
257 1921 350 1960 universa
365 1926 425 1960 terra.
456 1919 532 1972 ³neque
548 1922 620 1961 iterum
642 1923 738 1962 morietur
755 1924 878 1973 immaturus,

109 1999 173 2037 neque
187 1987 252 2026 subito
268 1988 369 2039 continget
383 1987 493 2028 adversitas
507 1987 554 2028 ulla.
576 1987 611 2028 4et
624 1989 697 2030 iudicia
712 1994 733 2029 et
741 1991 879 2031 accusationes

156 2236 228 2283 LXXII,
241 2237 258 2272 5.
272 2238 294 2272 cf.
305 2239 363 2282 Apcc.
377 2240 393 2282 ’1,
406 2240 422 2273 9.

155 2306 239 2355 LXXIII,
251 2309 267 2341 2.
280 2309 312 2350 „in
323 2319 370 2352 rore,
382 2311 439 2344 codex
450 2299 534 2355 ΜΕ),
552 2300 601 2352 lm
614 2322 701 2346 veronen
713 2314 790 2348 umbra
801 2314 879 2349 bicred-

109 2364 193 2405 dsndum‚
208 2374 242 2398 nec
257 2366 322 2398 erroris
336 2367 465 2400 insimulandus
481 2368 547 2411 codex,
563 2368 595 2402 sed
609 2378 651 2402 rara
666 2373 692 2402 est
706 2370 764 2403 forma
776 2371 877 2415 scriptionis

109 2445 141 2479 pro
156 2424 193 2477 ill,
211 2426 248 2477 ilii
259 2446 304 2478 ros,
318 2447 364 2479 quae
376 2439 454 2471 occurrit
466 2440 519 2471 etiam
530 2439 563 2472 Iob
576 2439 605 2480 29,
618 2439 653 2481 19,
664 2441 696 2473 ubi
706 2439 830 2475 Barhebraens
839 2442 877 2485 qui-

109 2492 150 2525 dem
168 2490 231 2537 [schol.
242 2493 262 2525 in
273 2492 291 2525 h.
303 2493 324 2535 1.)
343 2495 455 2528 amanuensis
474 2504 552 2528 errorem
567 2495 676 2538 suspicatur,
694 2497 726 2529 sed
742 2498 795 2530 illum
812 2499 877 2531 veteris

109 2562 247 2606 orthographiae
261 2562 299 2595 vidi
315 2567 332 2595 et
343 2565 388 2598 alibi
399 2566 486 2599 rationem
497 2565 565 2600 nullam
576 2565 648 2601 habere.
671 2567 739 2600 Eadem
750 2570 821 2603 tattone
838 2558 874 2628 Rq·

109 2618 193 2652 fluctus
205 2619 224 2652 in
236 2618 329 2661 singulari,
344 2620 364 2653 in
376 2631 404 2664 ep.
416 2620 486 2655 Barneh
498 2621 599 2665 apocrypha
612 2622 640 2656 ed.
653 2623 734 2666 Legerda
746 2635 763 2667 p.
775 2626 805 2660 9⁰.
817 2625 830 2658 1.
844 2627 879 2670 14,

109 2689 187 2733 itemque
201 2690 220 2723 in
235 2690 331 2734 exemplari
346 2690 403 2726 altero
415 2692 472 2726 nostri
484 2693 560 2735 codicIs,
577 2693 609 2727 sed
623 2683 679 2755 lk'i
691 2698 752 2729 noster
764 2696 820 2730 codex
831 2697 880 2731 infra

110 2776 139 2816 82,
152 2776 175 2818 8.,
188 2780 205 2808 et
218 2776 273 2810 codex
285 2775 414 2811 Ambrosianus
426 2777 449 2811 A.
458 2778 498 2813 145.
511 2778 543 2812 inf.
555 2769 607 2840 bi
631 2781 677 2817 item
688 2771 746 2840 2th
759 2781 794 2815 Iob
802 2781 881 2826 Hexapl.

111 2836 139 2877 11,
152 2837 180 2871 16.
192 2841 235 2873 text
248 2841 265 2872 et
277 2839 343 2880 1111113.ιι
369 2837 445 2874 Certant.
