1982 3190
163 157 204 201 108
433 157 567 209 Apocalypsis
582 158 668 196 Baruchi
682 157 717 205 LI,
727 158 804 196 4-16.
819 156 863 205 LII,
874 159 934 195 1-3.

162 269 281 318 sapientiae,
299 274 346 306 ωηο
360 266 503 318 glorificabitur
517 267 611 317 splendor
626 279 694 304 eorum
707 268 728 304 in
743 266 934 313 commutationibus

164 340 183 372 et
201 339 327 374 convertetur
349 334 413 385 figura
433 334 492 372 faciei
513 346 580 371 eorum
598 334 618 371 in
635 332 699 371 lucem
718 333 795 371 decoris
815 346 891 380 eornm,
913 337 936 369 ut

163 402 241 450 possint
254 400 316 450 potiri
330 404 350 437 et
365 400 456 450 accipere
470 400 564 438 mundum
579 400 612 450 qui
627 412 667 437 non
682 399 773 447 moritur,
791 403 838 437 ωηο
852 399 935 450 promis·

164 479 197 505 sus
211 466 255 505 illis.
278 464 313 503 4in
331 467 370 503 hoc
385 467 436 504 euim
451 467 537 505 maxime
551 465 681 516 ingemiscent
695 464 725 503 illi
741 465 775 516 qui
788 466 869 504 venient
883 471 935 511 tunc,

164 532 217 583 quod
231 537 349 583 spreverunt
362 531 427 583 legem
442 545 513 581 meam,
528 538 548 570 et
562 533 705 571 obturaverunt
720 544 777 570 aures
792 544 844 579 suas,
859 537 936 569 utnon

164 598 254 636 audirent
271 598 398 648 sapientiam,
416 611 481 648 neque
499 599 612 649 acciperent
628 598 785 650 intelligentiam.
816 597 873 636 5οηη]
888 609 935 647 ergo

163 664 257 702 videbunt
272 677 313 713 eos,
327 677 386 715 super
402 677 451 715 quos
465 678 518 704 nunc
532 677 553 703 se
568 664 690 713 extulerunt,
705 665 738 716 qui
753 669 800 702 tune
815 663 936 702 extollentur

164 735 184 768 et
198 730 362 781 glorificabuntur
381 731 445 781 magis
460 744 520 782 quam
534 731 579 782 ipsi3
599 736 619 769 et
634 732 806 770 commutabuntur
820 731 853 770 isti
867 735 887 768 et
901 729 936 775 illi,

163 797 196 834 isti
210 797 231 834 in
245 796 373 847 splendorem
388 797 512 847 angelorum,
528 802 547 836 et
561 797 591 836 illi
606 797 632 835 ad
646 802 748 848 stuporem
763 798 859 837 visionum
875 801 895 834 et
910 795 936 833 ad

163 863 227 900 risum
249 863 356 913 imaginum
378 863 464 901 maxime
485 863 592 901 tabescent.
628 863 695 914 fiprius
718 864 770 902 enim
791 864 894 910 videbunt,
917 866 937 899 et

164 933 236 979 postea
255 929 312 967 ibunt
330 933 352 965 nt
371 929 487 966 crucientur.
517 928 565 980 ⁷qui
580 935 646 968 autem
663 930 734 968 salvati
749 930 830 969 suntin
844 929 937 980 operibns

165 996 213 1043 suis,
229 999 248 1032 et
263 995 333 1045 quibus
348 993 385 1031 fuit
399 1008 451 1033 nunc
465 995 498 1033 lex
514 1008 568 1046 spes,
586 1001 606 1034 et
619 995 751 1047 intelligentia
766 995 899 1046 exspectatio,
918 999 940 1031 et

164 1060 261 1111 sapientia
276 1060 354 1106 fiducia,
369 1060 494 1110 apparebunt
509 1063 536 1100 eis
551 1061 649 1100 mirabilia
663 1067 753 1112 tempore
763 1075 804 1100 suo.
831 1060 938 1099 8ridebunt

164 1127 216 1165 enim
230 1126 324 1163 mundum
339 1126 372 1176 qui
386 1127 490 1165 invisibilis
505 1132 535 1166 est
550 1128 578 1166 eis
587 1141 645 1176 nunc,
660 1134 680 1166 et
689 1129 784 1175 videbunt
793 1134 870 1178 tempus
883 1126 937 1177 qnod

164 1206 216 1230 nunc
231 1192 351 1230 occultatum
366 1197 396 1230 est
411 1192 436 1230 ab
453 1193 485 1231 eis.
509 1193 543 1232 ⁹et-
557 1194 629 1232 iterum
643 1206 684 1231 non
698 1195 796 1233 veterabit
806 1206 840 1232 eos
850 1198 937 1243 tempus:

166 1258 212 1296 ²⁰in
237 1258 320 1297 excelsis
345 1258 397 1295 enim
420 1258 473 1298 illius
495 1260 563 1298 mundi
583 1260 710 1308 habitabunt,
735 1267 755 1298 et
777 1259 937 1299 assimilabuntur

165 1324 247 1375 angelis,
263 1330 282 1362 et
297 1324 434 1374 aequabuntur
449 1325 518 1374 stellis,
533 1332 553 1364 et
567 1331 624 1364 erunt
638 1327 765 1364 transmutati
778 1327 799 1365 in
809 1339 888 1364 omnem
897 1324 938 1363 for-

165 1403 224 1437 mam,
240 1403 299 1441 quam
314 1389 418 1439 voluerint,
434 1405 459 1430 ex
473 1392 619 1442 pulchritudine
628 1393 649 1430 in
659 1393 813 1442 speciositatem,
828 1397 848 1429 et
857 1403 884 1429 ex
892 1389 938 1428 luce

165 1458 186 1494 in
204 1456 331 1506 splendorem
348 1456 430 1506 gloriae.
462 1457 625 1509 llexpandentur
643 1459 695 1496 enim
712 1459 732 1496 in
748 1462 856 1508 conspectu
870 1469 938 1494 eorum

164 1522 278 1560 latitudines
293 1522 387 1571 paradisi,
403 1527 423 1560 et
437 1524 553 1562 ostendetur
568 1524 595 1562 eis
609 1523 735 1574 pulchritudo
750 1523 859 1563 maiestatis
871 1523 938 1560 viven-

165 1589 220 1636 tium,
236 1601 287 1638 quae
301 1592 347 1625 sunt
361 1588 397 1626 sub
413 1590 491 1637 throno,
507 1596 527 1628 et
537 1603 606 1628 omnes
615 1590 696 1628 militiae
706 1589 828 1641 angelorum,
843 1589 877 1639 qui
887 1601 939 1626 nunc

165 1654 277 1692 detinentur
294 1655 355 1692 verbo
373 1667 427 1701 meo,
445 1668 470 1692 ne
484 1656 598 1702 videantur,
617 1661 637 1693 et
655 1656 767 1695 detinentur
781 1658 898 1705 praecepte,
916 1658 939 1692 ut

166 1720 275 1759 consistant
293 1720 314 1757 in
328 1719 378 1758 locis
397 1721 437 1758 suis
456 1721 520 1759 donee
538 1722 604 1759 veniat
626 1721 722 1760 adventus
741 1733 814 1759 eorum,
846 1718 938 1758 mercet-

165 1787 227 1825 lentia
246 1791 310 1824 autem
331 1786 368 1824 erit
387 1791 434 1824 tunc
450 1787 471 1824 in
488 1787 543 1826 iustis
562 1788 625 1838 magis
640 1800 699 1839 quam
715 1801 738 1826 ea
753 1800 804 1838 qnae
821 1787 842 1825 in
857 1786 938 1838 angelis.

167 1850 290 1902 1³exciptent
306 1852 357 1890 enim
371 1852 430 1902 primi
444 1853 570 1902 nouissimos,
584 1853 630 1892 illos
646 1867 695 1905 quos
710 1854 858 1904 exspectabant,
873 1858 893 1891 et
903 1866 939 1890 no-

165 1919 240 1957 tissimi
259 1932 293 1957 eos
311 1931 361 1969 quos
379 1918 486 1957 audiebant
505 1921 640 1970 praeteriissc3
664 1918 767 1958 ¹4liberati
787 1919 839 1957 enim
853 1924 899 1957 sunt
914 1930 939 1956 ex

165 1985 239 2023 mundo
263 1985 302 2023 isto
328 1985 470 2033 tribulationis,
495 1991 515 2024 et
539 1987 672 2037 deposuerunt
696 1985 773 2036 pondus
798 1985 939 2034 angustiarum.

168 2049 211 2088 1⁵in
226 2063 266 2101 quo
282 2064 329 2102 ergo
344 2052 473 2102 perdiderunt
488 2052 576 2090 homiues
591 2052 653 2089 vitam
668 2064 732 2098 suam,
752 2058 771 2089 et
786 2063 870 2101 quocum
885 2063 938 2088 com-

165 2115 291 2155 mutaverunt
309 2117 396 2155 animam
411 2130 467 2156 suam
481 2117 517 2165 illi,
531 2118 564 2168 qui
579 2118 658 2156 fuerunt
671 2118 692 2154 in
707 2115 773 2154 terra?
801 2115 872 2154 16ωηο
887 2116 938 2154 enirn

166 2183 267 2234 elegerunt
285 2184 322 2222 sibi
340 2189 417 2235 tempus
436 2184 499 2232 istud,
517 2185 571 2235 quod
590 2197 662 2234 expers
680 2183 816 2233 angustiarum
830 2183 939 2233 praeterire

166 2262 206 2302 non
221 2254 293 2299 potest,
309 2255 328 2287 ct
344 2251 445 2302 elegerunt
459 2250 496 2289 sibi
511 2254 588 2300 tempus
604 2250 658 2288 cuius
673 2248 738 2287 exitus
752 2248 806 2299 pleni
821 2254 867 2287 sunt
878 2250 939 2300 gemi-

166 2316 218 2354 tibus
234 2322 253 2353 et
267 2315 331 2363 malis,
347 2321 366 2354 et
381 2317 530 2368 abnegaverunt
543 2316 647 2364 mundum,
662 2315 750 2368 quinon
765 2321 842 2353 veterat
857 2328 890 2353 eos
906 2316 939 2366 qui

166 2382 283 2432 perveniunt
298 2382 324 2419 ad
339 2395 389 2430 cum,
404 2387 424 2421 'et
433 2384 544 2422 reiecerunt
554 2386 632 2432 tempus
645 2388 665 2419 et
675 2381 764 2432 gloriam,
779 2395 804 2419 ne
814 2382 940 2432 pervenirent

167 2449 192 2486 ad
207 2450 304 2487 honorem
320 2461 378 2500 quem
392 2450 484 2499 praedixi
498 2449 540 2488 tibi.

223 2577 279 2626 LII.
299 2589 326 2627 Et
344 2589 437 2638 respondi
457 2594 476 2627 et
496 2590 547 2628 dixi:
565 2587 666 2639 quomodo
686 2588 827 2626 obliviscuntur
841 2587 879 2634 illi,
895 2586 941 2637 quia

167 2661 214 2693 tunc
228 2667 266 2692 nae
280 2661 380 2693 servatum
396 2661 426 2694 est
441 2656 481 2694 eis?
500 2654 533 2693 2οη
549 2668 583 2693 cur
598 2666 646 2704 ergo
661 2654 749 2705 lugemus
765 2655 836 2692 iterum
852 2665 891 2699 cos,
907 2652 940 2702 qui

166 2721 292 2760 moriuntur?
317 2727 351 2759 aut
370 2734 404 2759 cur
423 2721 490 2760 flemus
507 2735 540 2760 eos
556 2721 589 2772 qui
604 2721 677 2759 abeunt
691 2721 711 2759 in
726 2720 838 2759 infernum?
865 2718 939 2757 ³rescr=

215 2864 243 2898 15.
260 2863 281 2896 cf.
294 2864 345 2897 Mtth.
359 2863 387 2904 lt,
401 2865 428 2897 25.
442 2874 456 2897 s.
