1982 3190
330 745 617 811 PRAEFATIO.

145 1035 264 1078 Librorum
285 1034 373 1078 Veteris
395 1034 532 1079 Testamenti
553 1035 795 1092 pseudepigraphorum
817 1036 861 1078 iam

88 1104 184 1162 quinque
202 1104 252 1148 illos
271 1104 328 1148 curis
346 1104 400 1147 meis
417 1109 574 1160 pertractatos',
596 1104 666 1147 lector
684 1104 799 1159 benevole,
820 1098 861 1147 tibi
897 1097 907 1146 s

88 1173 166 1228 offero,
190 1174 228 1228 qui
246 1189 298 1230 prae
317 1173 395 1217 ceteris
412 1172 453 1215 hac
471 1173 520 1230 ipsa
539 1179 609 1216 aetate
629 1173 725 1216 virerum
745 1173 861 1217 doctorum

88 1243 161 1286 studia
172 1242 200 1285 ad
210 1258 233 1286 se
244 1247 406 1296 converterunt,
421 1240 495 1298 plures
506 1242 629 1297 additurus,
644 1243 682 1285 ubi
693 1258 782 1299 operam
791 1259 862 1285 meam

87 1311 196 1356 iudicibus
211 1312 302 1369 integris
318 1327 362 1354 non
378 1311 516 1368 displicuisse
531 1327 662 1369 cognovero.
773 1320 774 1323 ’

145 1380 266 1424 Psalmos
290 1380 412 1424 octodecim
431 1380 591 1435 Salomonis,
615 1380 653 1436 qui
672 1380 861 1436 circumferuntur,

88 1450 185 1494 Iudaeus
201 1449 289 1506 quidam
303 1449 363 1493 haud
375 1451 406 1493 ita
416 1449 485 1492 multo
495 1454 547 1506 post
556 1449 693 1506 Pompeium,
707 1449 863 1506 imperatorem

88 1518 222 1574 Romanum,
242 1520 348 1573 occisum,
367 1520 394 1562 cf.
411 1518 431 1574 2,
447 1518 481 1561 30.
497 1533 533 1573 ss,
551 1519 647 1576 pepigit,
661 1524 687 1561 ut
701 1518 819 1575 populares
835 1518 863 1561 de

89 1588 255 1643 calamitatibus,
271 1604 325 1645 quas
340 1589 439 1646 perpessi
454 1592 523 1643 erant,
539 1588 690 1631 consolaretur
702 1588 773 1644 iisque
782 1588 862 1631 felicis-

89 1658 194 1703 simorum
203 1664 327 1714 temporum
337 1673 398 1713 spem
408 1658 496 1715 faceret.
512 1661 631 1716 supersunt
638 1671 718 1712 graece
731 1658 796 1712 versi,
812 1673 863 1699 nam

88 1728 219 1785 scriptorem
242 1726 315 1783 ipsum
338 1726 406 1769 literis
432 1716 659 1769 ees-liebraieis'vel
682 1726 787 1770 aramaeis
810 1742 862 1769 con-

89 1797 186 1854 signasse
201 1796 254 1839 satis
270 1801 354 1838 eertum
370 1800 408 1838 est.
431 1795 514 1852 primus
530 1809 567 1838 eos
582 1808 660 1851 graece
676 1799 697 1837 et
711 1794 778 1838 latine
794 1795 863 1838 edidit

89 1866 191 1921 notisque
208 1864 434 1907 illust-1·avitI.Lud.
454 1864 481 1907 de
500 1863 535 1906 La
550 1862 622 1906 Cerda
640 1864 662 1905 in
678 1864 799 1920 appendice
814 1864 863 1907 Ad-

89 1934 236 1979 versariorum
254 1949 375 1989 sacrorum,
394 1948 451 1989 quae
468 1932 541 1990 Lugd.
558 1933 620 1975 leat.
637 1933 651 1976 f.
667 1926 794 1990 publicavit.
809 1949 863 1977 usus

90 2008 123 2046 est
138 2003 213 2046 codiee
227 2003 360 2060 Augustani]
377 2001 435 2060 (A),
451 2003 489 2058 qui
503 2002 541 2045 ubi
554 2002 597 2044 iam
613 2002 642 2045 sit
654 2002 756 2045 nescitur.
772 2002 864 2045 alteram

90 2072 208 2114 editionem
226 2072 311 2115 curavit
328 2072 347 2114 I.
362 2072 390 2113 A.
406 2071 520 2114 Fabricius
535 2072 557 2113 in
573 2071 656 2114 Codice
671 2071 863 2130 pseudepigrapho

90 2141 119 2183 V.
135 2142 195 2184 Test.
210 2141 229 2184 I.
250 2141 350 2198 (Hamb,
365 2141 427 2184 1722.
444 2142 474 2198 8.)
490 2157 511 2198 p.
527 2142 569 2192 914
585 2156 624 2196 ss,
640 2141 679 2196 qui
694 2141 782 2190 notulas
798 2156 864 2197 quas-

91 2210 141 2252 dam
156 2210 249 2266 addidit,
265 2210 304 2254 sed
319 2211 364 2253 fere
379 2217 466 2253 tantum
483 2210 568 2253 Cerdae
582 2210 676 2266 uestigia
685 2216 814 2267 persecutus
825 2217 864 2253 est.
878 2230 880 2233 ·

91 2278 185 2335 denique
203 2279 321 2336 Aelolphus
336 2279 465 2337 Hilgenfeld
482 2280 524 2323 hos
542 2280 638 2336 psalmos
652 2278 730 2323 iisdem
745 2279 815 2323 literis
831 2280 864 2323 bis

36 2373 37 2376 =
92 2348 161 2390 edidit
178 2348 201 2391 in
215 2349 230 2390 l.
249 2349 391 2404 „Zeitsclirift
408 2349 445 2392 fiir
463 2349 590 2393 uissensch.
605 2348 747 2405 Theologie.“
767 2349 829 2391 1868.
846 2350 865 2392 8.

91 2433 112 2475 p.
128 2418 176 2461 ito.
192 2432 220 2461 ss.
241 2425 263 2461 et
280 2420 302 2461 iu
317 2419 331 2461 l.
348 2419 461 2474 „Messias
479 2418 613 2461 Iudaeorum
630 2417 692 2466 libris
708 2434 784 2461 eorum
798 2418 865 2474 paulo

91 2493 142 2530 ante
160 2493 181 2529 et
199 2487 265 2543 paulo
284 2494 336 2546 post
352 2487 465 2532 Christum
484 2494 559 2530 natum
575 2487 704 2545 conscriptis
719 2487 865 2531 illustratus-‘⁶

92 2556 163 2614 Lips,
180 2557 242 2599 1869.
258 2558 278 2599 8.
293 2574 314 2614 p.
326 2559 338 2601 3
354 2573 382 2601 ss.
393 2558 428 2600 hic
440 2558 472 2600 vir
483 2557 622 2600 doctissimus
632 2572 676 2601 uon
686 2562 772 2600 tantum
783 2557 865 2600 codicis

92 2625 272 2669 Vindobonensis
295 2626 343 2684 (V.)
365 2627 491 2670 varietatem
513 2626 625 2681 lectionis,
651 2641 716 2681 quam
739 2627 759 2668 ei
776 2626 865 2683 Ioseph.

92 2694 179 2751 Haupt,
195 2694 246 2738 bibl.
263 2694 383 2739 Caesareae
402 2697 551 2751 amanuensis,
569 2695 759 2753 suppeditaverat,
778 2695 866 2750 adiecit,

79 2775 168 2807 ‘verum
183 2764 257 2822 plures
273 2764 338 2807 ctiam
352 2766 413 2810 locos
429 2766 475 2810 sive
488 2764 664 2822 interpungendo
675 2764 720 2808 sive
731 2765 866 2808 coniiciendo

91 2832 151 2877 haud
161 2834 275 2877 infeliciter
285 2836 387 2878 correxit.
403 2835 473 2879 codex
483 2834 520 2877 ille
527 2835 597 2877 literis
605 2834 732 2878 minusculis
741 2835 827 2879 saeculo
836 2835 867 2878 X.
