1982 3190
83 205 120 254 III,
132 206 207 244 7-14.
222 205 257 254 IV,
272 207 332 245 1-3.
357 206 471 256 Assumptio
486 205 579 256 Moyseos
811 204 851 247 139

83 316 104 353 Χ
113 316 175 353 tribus
185 316 285 354 audientes
294 316 410 366 inproperia
419 315 525 353 verborum
534 315 621 352 tribuum
631 314 720 361 duarum,
733 313 767 351 ⁷et
777 314 852 352 dicent:

85 381 132 431 quid
147 381 240 420 faciemus
255 382 311 420 vobis
326 381 411 419 fratres?
426 394 493 419 nonne
506 381 527 418 in
537 393 615 418 omnem
625 370 711 417 domum
719 379 806 418 Istrahel
818 381 852 417 ad-

84 447 138 485 venit
147 446 225 486 thlibsis
234 447 296 485 haee?
314 446 347 484 ⁸et
357 459 425 484 omnes
434 446 496 484 tribus
506 446 613 495 plorabunt
622 445 731 483 clama-ntes
745 446 766 483 in
777 445 853 484 caelum

86 519 106 551 et
121 514 216 552 dicentes:
236 512 303 551 ⁹Deus
317 513 420 550 Abraham
435 517 455 550 et
469 512 524 550 Dens
536 511 594 550 Isaac
609 517 629 549 et
643 509 699 548 Deus
712 504 780 560 Iacob,
795 512 853 550 remi-

84 580 160 617 niscere
178 584 317 617 testamentum
334 584 389 616 tuum
409 578 463 628 quod
479 577 558 615 factasti
572 590 617 615 cum
631 577 667 624 eis,
686 581 706 614 et
719 577 854 615 iusiurandum

86 645 140 695 quod
153 645 224 684 iurasti
239 645 266 683 eis
280 657 316 695 per
331 649 356 691 te,
371 657 396 681 ne
410 655 503 693 umquam
518 643 596 680 deficiat
610 655 677 681 semen
692 655 761 680 eorum
775 656 787 680 a
799 648 854 681 terra

87 723 146 761 quarn
160 710 231 749 dedisti
245 709 290 748 illis.
316 707 387 747 l‘’tunc
396 709 546 747 reminiscentur
555 722 592 757 me,
607 709 639 747 die
648 709 683 746 ilio
694 709 781 747 dicentes
791 697 855 747 tribus

87 776 113 813 ad
127 776 200 813 tribum
215 780 235 812 et
248 776 308 813 homo
323 775 415 825 proximo
430 787 474 812 suo:
492 774 582 812 llnonne
591 775 630 812 hoc
641 778 671 812 est
681 774 734 824 quod
743 775 855 813 testabatur

86 842 144 879 uobis
158 846 200 879 tum
214 842 294 891 Moyses
307 842 329 878 in
343 841 439 891 profetiis,
454 841 488 890 qui
501 840 564 878 multa
577 852 648 890 passus
658 839 718 877 estin
728 839 821 891 Aegypto
836 848 855 879 et

86 908 107 944 in
121 907 172 944 mari
185 907 246 946 rubro
259 913 279 946 et
289 908 309 945 in
318 908 398 945 heremo
408 907 465 944 annis
474 906 518 955 XL,
535 905 643 945 12testatus
654 910 673 943 et
681 905 789 944 invocabat
798 907 855 945 nobis

87 977 147 1011 testes
162 973 238 1011 caelum
252 979 272 1012 et
281 980 362 1019 terram,
376 986 401 1010 ne
410 974 562 1023 praeteriremus
573 973 667 1010 mandata
681 970 740 1019 iilius,
754 973 855 1022 inquibus
886 978 888 980 ’

88 1039 162 1077 arbiter
180 1039 217 1077 fuit
234 1039 300 1078 nobis:
325 1038 400 1089 ¹³quae
419 1038 540 1076 advenerunt
557 1038 614 1075 nobis
632 1037 657 1075 de
670 1037 709 1075 isto
724 1049 780 1075 secus
794 1039 856 1077 verba

88 1105 150 1155 ipsius
170 1111 190 1142 et
207 1117 263 1144 secus
281 1105 439 1144 adfirmationem
456 1104 525 1154 ipsius,
543 1103 643 1154 quomodo
658 1093 740 1142 testatus
756 1108 785 1141 est
799 1104 856 1143 nobis

88 1171 209 1221 temporibus
226 1170 273 1218 illis,
292 1175 312 1208 et
329 1183 380 1221 quae
398 1175 531 1208 convenerunt
545 1181 607 1220 usque
621 1182 658 1207 nos
673 1169 718 1206 duci
733 1171 822 1220 captivos
836 1172 857 1209 in

88 1242 166 1286 partem
181 1236 274 1275 orientis?
291 1234 349 1287 14qu
364 1241 383 1274 et
398 1236 483 1274 servient
498 1235 550 1273 eirca
565 1247 627 1274 annos
641 1233 744 1273 LXXVII.

146 1388 191 1435 IV.
220 1398 277 1436 Tunc
298 1397 380 1435 intrabit
401 1409 451 1435 unus
473 1397 507 1447 qui
528 1409 588 1446 supra
606 1408 640 1434 eos
659 1400 698 1443 est,
720 1402 739 1434 et
758 1399 858 1448 expandet

90 1476 159 1502 manus
174 1469 194 1502 et
208 1468 269 1514 ponet
283 1475 348 1513 genua
362 1476 403 1510 sua,
418 1467 438 1500 et
453 1463 518 1500 orabit
532 1474 569 1512 pro
585 1463 613 1500 eis
628 1462 702 1501 dicens:

148 1528 248 1567 ‘²Domine
262 1530 331 1575 omnis,
347 1541 383 1567 rex
397 1529 418 1566 in
433 1528 474 1565 alta
488 1527 541 1575 sede,
556 1528 590 1577 qui
605 1527 712 1566 dominaris
724 1529 810 1577 saeculo,
826 1531 860 1580 qui

91 1594 168 1633 voluisti
186 1595 265 1645 plebem
279 1595 330 1632 hanc
345 1607 387 1633 esse
402 1594 437 1631 tibi
451 1593 529 1643 piebem
545 1598 656 1643 exceptam,
675 1598 722 1630 tnnc
736 1594 816 1633 voluisti
830 1596 860 1634 in-

91 1661 159 1698 vocari
177 1674 244 1699 eorum
262 1660 309 1698 deus
327 1672 383 1697 secus
397 1664 545 1705 testamentum,
562 1659 615 1708 quod
633 1658 697 1696 fecisti
712 1671 755 1696 eum
770 1661 859 1709 patribus

92 1738 166 1764 eorum.
196 1724 229 1763 ³et
250 1725 315 1763 ierunt
337 1725 409 1775 captivi
430 1725 451 1761 in
468 1730 542 1761 terram
561 1725 646 1762 alienam
665 1736 709 1761 curn
725 1726 821 1765 uxoribus
840 1731 860 1765 et

142 2054 157 2085 6.
171 2052 253 2096 tribuum]
263 2053 334 2092 tribum,
347 2053 386 2085 cod.
399 2071 421 2077 -
435 2054 451 2086 7.
463 2052 557 2099 faciemus]
566 2054 647 2094 fecimus,
659 2054 738 2095 Hilgenf.
751 2072 774 2078 -
786 2054 862 2097 thlibsis,

94 2098 540 2143 ι1”“1ῐ111ς;10111111111111011111111ἔκλειψις·-
556 2104 584 2134 io.
595 2101 680 2144 me]n1ei,
693 2101 745 2134 Merx
758 2120 780 2125 -
796 2103 862 2136 codex:

95 2149 117 2180 de
128 2149 216 2190 proximo,
230 2147 386 2181 1111111111-1.
400 2148 452 2181 1868.
464 2159 482 2191 p.
495 2149 524 2182 95.
537 2169 560 2174 -
576 2150 651 2182 11-13.
665 2153 712 2181 arete
725 2149 826 2190 cohaerent,
838 2151 864 2182 tta

57 2233 60 2238 .
94 2205 136 2228 vero
148 2199 168 2227 ut
180 2196 254 2238 scriptor
267 2206 306 2228 curn
318 2197 406 2228 sententia
418 2205 441 2228 ex
452 2197 539 2229 sententia
551 2201 653 2229 nasceretur
669 2198 768 2229 orationem
781 2198 864 2229 variaret.

96 2245 123 2275 11.
136 2247 179 2281 tum,
191 2242 252 2283 merx,
265 2243 329 2275 codex:
343 2253 382 2275 eum
397 2261 420 2266 —
438 2243 526 2286 profetiis,
538 2244 617 2285 Hilgeni.
630 2244 663 2284 an,
676 2244 741 2277 codex:
754 2244 828 2286 profetis
840 2262 864 2268 -

96 2292 123 2322 12.
132 2289 154 2321 cf.
160 2289 233 2324 Denter.
241 2291 269 2331 31,
277 2292 305 2323 28.
312 2291 340 2330 32,
347 2293 362 2322 1.
368 2309 392 2315 -
398 2291 471 2323 verbum
477 2295 551 2323 testatus
558 2302 598 2323 cum
604 2291 663 2323 verbis
668 2292 865 2333 praecedentibusmaic

96 2338 225 2369 coniunxerunt
236 2337 308 2370 Volkm.
321 2341 339 2369 11
349 2337 401 2369 Merx
417 2357 438 2362 —
458 2339 486 2371 13.
499 2339 597 2371 Volkmaro
610 2338 669 2371 iudice
681 2349 727 2371 voce
739 2349 790 2381 quae,
803 2339 864 2382 ruben,

96 2384 184 2417 sententia
195 2384 301 2417 inchoanda.
314 2394 376 2417 vocem
389 2394 435 2427 quae
447 2385 476 2418 hic
488 2396 510 2418 ac
522 2386 583 2428 paullo
591 2390 633 2429 post
642 2390 742 2428 eci-ruptam
751 2391 769 2418 et
777 2387 865 2428 corrigen-

96 2432 137 2463 dum
150 2441 189 2463 esse
201 2440 234 2463 vae
246 2431 316 2465 Merxio
329 2442 382 2474 aegre
395 2432 488 2474 concedas,
502 2435 591 2465 concessit
598 2438 659 2465 tamen
666 2433 745 2475 Hilgenf.
758 2453 781 2458 -
794 2434 816 2466 de
824 2435 865 2474 isto,

97 2477 116 2516 ἐξ
128 2476 194 2512 ἐκείνου
207 2489 231 2510 sc.
243 2476 304 2522 χρόνου
320 2499 343 2504 -
360 2486 483 2520 convenerunt,
497 2479 560 2524 συνέβη
574 2499 596 2505 -
612 2492 668 2523 usque
680 2490 713 2513 nos
727 2482 768 2513 duci
780 2482 865 2523 captivos,

97 2525 131 2563 ἕως
147 2525 177 2558 τοῦ
192 2522 242 2568 ἡμᾶς
258 2525 420 2571 αἰχμαλωτισὲῆναι
438 2546 460 2551 -
480 2530 507 2560 14.
522 2529 565 2560 satis
580 2529 653 2571 abrupte
666 2529 790 2570 scriptoriam
802 2528 866 2561 Mosen

97 2573 141 2605 facit
151 2574 255 2619 loquentem
266 2584 310 2605 voce
324 2576 354 2616 qui
367 2574 389 2607 ad
400 2575 508 2616 praecedens
521 2575 619 2608 subiectum
632 2585 651 2608 se
662 2576 747 2608 reterens.
759 2576 800 2608 loco
810 2577 866 2618 quiet

97 2631 161 2663 graece
174 2618 204 2653 111
216 2618 262 2654 οὗτοι
275 2621 358 2664 scriptum
370 2622 426 2655 fuisse
437 2622 534 2655 Votkmero
547 2633 599 2655 nemo
613 2623 676 2656 credet.

145 2701 176 2746 IV,
190 2701 206 2734 1.
219 2702 297 2745 intrabit,
311 2703 360 2735 eod:
373 2704 445 2736 intrauit
461 2721 484 2726 -
503 2704 596 2745 expandet,
609 2705 655 2737 cod:
674 2704 759 2746 expandit
772 2723 794 2727 -
807 2708 867 2746 ponet,

99 2750 243 2792 1011110111-
263 2751 326 2790 orabit,
339 2751 387 2783 cod:
401 2752 459 2783 orauit
473 2769 496 2775 -
514 2753 530 2783 2.
544 2753 607 2793 omnis,
620 2752 650 2785 τοῦ
663 2750 732 2795 παντός,
745 2751 805 2791 Μ111;
819 2753 867 2784 orbis

99 2798 154 2830 scribi
169 2797 225 2830 votuit
237 2796 309 2830 Votkm.
329 2815 349 2821 -
370 2799 418 2830 eod:
437 2798 483 2831 hanc
499 2803 599 2841 exceptam,
616 2800 647 2831 sed
662 2799 708 2831 hanc
724 2800 788 2831 merito
801 2798 868 2831 delerit

99 2844 156 2881 11111,
171 2864 192 2869 -
205 2848 302 2886 excepta-nr,
315 2842 404 2889 ἐκδεκτὸν,
417 2855 453 2878 non
465 2843 550 2886 ἐκ1εκτόν,
563 2846 671 2889 utHilgeui.
679 2847 751 2879 Volkm.
764 2865 787 2870 —
800 2851 841 2880 tuuc
850 2848 868 2879 in

100 2897 141 2925 tune
161 2894 217 2936 primo
238 2892 330 2926 videbatur
349 2892 463 2935 Hilgenfeldc
484 2894 588 2926 mutandum
607 2895 703 2936 plaudente
721 2894 826 2929 Volkmaro.
846 2913 868 2919 -
