1982 3190
114 171 156 200 xlv
450 163 552 202 Praefatio

117 270 235 327 scriptione
258 271 360 313 continua
383 276 483 312 exaratus
500 275 542 324 est,
564 269 603 312 sed
624 269 656 312 ita
679 269 737 312 edidi
759 276 784 312 ut
803 270 890 314 Ceriani

116 339 184 381 verba
199 339 305 393 distinxit,
320 340 362 382 nisi
377 339 438 396 quod
452 339 475 381 in
490 338 533 381 fine
547 338 653 381 linearum
668 339 785 382 verborum
800 339 890 383 inchoa-

117 414 191 449 torum
206 409 296 452 lineolas
313 409 462 452 coniunctivas
478 408 554 451 delevi.
569 408 716 465 interpunctio
733 416 766 452 est
781 410 891 453 rarissima

118 483 140 519 et
154 477 220 520 modo
235 484 352 534 punctum,
373 477 439 521 modo
454 478 511 520 linea
526 492 599 521 crassa
613 478 687 534 paullo
702 477 782 520 inflexa
797 494 890 536 perpen-

118 546 253 602 diculariter,
269 547 378 591 rarissime
392 547 566 601 horizontaliter,
583 562 669 604 semper
683 548 729 590 fere
744 547 772 590 ad
787 548 891 591 verticem

118 615 236 658 literarum.
259 632 326 674 porro
349 615 436 659 Ceriani
458 617 521 659 haec:
544 631 628 672 „saepe
645 617 703 659 linea
722 632 794 660 crassa
812 616 892 660 inflexa

117 685 303 741 perpendicularis
327 686 458 729 breviationi
483 685 592 728 notandae
617 685 716 739 inservit,
746 693 810 743 tunc,
840 687 892 743 quia

118 754 216 797 breviata
236 770 321 812 semper
335 756 422 813 integra
438 754 497 810 dedi,
513 754 603 809 sustuli,
622 754 674 798 licet
689 756 754 799 simul
769 772 809 813 pro
824 756 892 799 inter-

118 824 237 880 punctione
252 824 368 881 aliquando
379 824 484 868 inservire
495 823 579 867 debeat.
595 824 703 868 secundae
713 841 789 869 manus
800 825 893 883 vestigia

120 899 179 935 certa
199 909 243 936 non
260 894 343 950 reperi,
367 893 476 937 rarissime
494 907 591 946 rasuras3
615 894 761 937 correctiones
783 893 907 940 interdum.

118 961 190 1019 prima
208 979 285 1018 manu,
303 969 328 1005 ut
347 969 448 1020 apparet,
468 961 670 1019 superscribuntur3
692 964 779 1020 punctis
799 979 893 1020 superne

119 1031 197 1087 positis
219 1031 329 1075 interdum
352 1031 444 1074 delenda
466 1037 577 1074 notantur
603 1031 641 1074 ubi
662 1032 735 1090 legere
757 1048 802 1075 non
823 1033 892 1090 potui,

119 1106 201 1156 puncta
216 1101 319 1157 apposui3
338 1100 463 1143 charactere
478 1116 529 1142 vero
546 1101 631 1144 cursivo
648 1100 699 1143 dedi
715 1116 770 1157 quae
785 1118 829 1145 non
844 1108 892 1145 tuto

121 1169 283 1226 deprehendere
298 1170 351 1212 inihi
366 1170 478 1213 videbarf‘
493 1175 590 1212 ceterum
605 1170 700 1213 scribam
715 1170 788 1213 officio
804 1186 843 1214 suo
855 1171 893 1213 ad-

121 1239 211 1281 modum
234 1240 351 1282 oscitanter
373 1240 471 1282 functum
495 1254 542 1282 esse
561 1238 700 1283 doctissimus
720 1240 812 1296 quisque
830 1240 893 1283 facile

121 1308 276 1365 deprehendet.

179 1378 281 1420 Arduum
296 1392 348 1420 saue
364 1383 385 1420 et
400 1377 474 1434 magni
489 1383 535 1420 erat
548 1378 630 1435 negotii
640 1378 698 1420 hunc
707 1378 805 1421 libellum
815 1379 895 1421 mirum

122 1453 229 1503 quantum
245 1452 373 1503 corruptum
388 1446 511 1501 emendare,
526 1446 569 1488 feci
583 1453 656 1489 tamen
670 1446 729 1503 quod
739 1448 807 1504 potui.
823 1448 895 1490 omnia

121 1517 219 1559 uirorum
234 1516 350 1558 doctorum
366 1515 462 1570 consilia,
478 1515 513 1558 rel
529 1516 593 1558 etiarn
604 1522 726 1558 commenta
737 1522 759 1559 et
769 1517 896 1573 opinionum

122 1592 220 1629 monstra
235 1586 316 1627 referre
331 1584 385 1627 nihil
400 1585 496 1639 attinuit,
512 1584 576 1627 attuh
590 1591 664 1627 tamen
678 1590 726 1627 tum
736 1600 761 1627 ea
771 1586 851 1641 quibus
861 1602 895 1628 me

123 1660 293 1711 occupaverant,
318 1660 365 1696 tum
389 1654 441 1708 alie,
465 1654 510 1696 sive
532 1653 654 1711 probabilia
677 1654 722 1697 sive
744 1655 786 1697 alio
808 1656 896 1698 nomine

122 1724 282 1779 memorabilia,
311 1739 338 1766 ue
367 1724 459 1766 aliorum
486 1722 599 1765 molimina
624 1724 780 1780 contempsisse
804 1723 896 1767 viderer.

122 1795 184 1837 uncis
200 1795 229 1852 []
245 1809 270 1836 ea
284 1793 351 1836 verba
365 1792 451 1847 inclusi,
468 1793 545 1849 quibus
561 1792 597 1835 vel
612 1793 693 1835 codicis
703 1793 791 1836 lacunas
803 1793 896 1849 explevi,

121 1864 157 1906 vel
176 1879 231 1920 quae
252 1862 394 1906 coniectando
415 1862 442 1904 de
459 1863 512 1905 meis
531 1861 606 1904 adieci.
625 1863 688 1919 signo
705 1889 730 1893 —
749 1868 796 1905 tum
815 1862 896 1907 codicis

122 1933 212 1976 lacunas
228 1931 312 1986 notari,
328 1946 382 1987 quas
399 1931 489 1988 explere
500 1932 639 1974 temerarium
649 1931 701 1974 mihi
711 1930 833 1986 ridebatur,
849 1938 897 1975 tum

123 2001 244 2059 significavi
258 2002 281 2044 iu
292 2001 366 2044 codice
377 2001 484 2058 quaedam
500 2001 580 2045 omissa
590 2016 638 2045 esse
647 2001 700 2043 mihi
710 2000 785 2056 videri,
801 2008 897 2044 ceterum

122 2073 145 2114 in
168 2072 226 2115 notis
247 2071 283 2114 hic
306 2076 328 2113 et
349 2070 393 2114 illic
416 2070 469 2128 quid
491 2070 523 2112 rei
542 2076 600 2114 esset
618 2086 715 2114 monens.
738 2070 776 2113 ubi
798 2071 898 2128 singulae

123 2142 199 2184 literae
217 2142 239 2182 in
255 2140 330 2183 codice
345 2140 389 2198 legi
403 2156 449 2183 non
463 2145 576 2196 poterant,
596 2155 650 2196 quas
666 2139 808 2183 coniectando
824 2142 897 2183 redin-
928 2129 931 2135 A

123 2217 210 2269 tegrare
228 2225 273 2252 non
293 2209 410 2264 audebam,
429 2215 455 2252 ut
472 2210 495 2251 in
514 2208 595 2253 codicis
611 2208 706 2252 editione
721 2215 776 2265 quot
791 2209 898 2253 excidisse

123 2280 240 2323 rideantrm
257 2280 345 2337 pimctis
363 2279 463 2322 iudicavi.
487 2279 559 2336 capita
578 2279 672 2336 denique
686 2279 785 2322 versibus
801 2279 897 2323 distinxi.

182 2350 311 2406 Assumptio
334 2349 453 2406 Moyseos,
477 2364 543 2405 quam
561 2349 669 2406 integram
688 2348 761 2404 στίχων
780 2348 810 2407 ᾳυ’
831 2349 899 2392 fuisse

124 2418 262 2475 Nicephorns
288 2417 547 2475 Constantinopolitanus
575 2418 598 2460 in
623 2418 771 2461 stichometria
796 2418 898 2461 chronico

125 2488 255 2545 compendio
271 2488 370 2532 subiecta
385 2487 506 2542 adnotavit,
522 2502 534 2529 a
549 2487 659 2531 veteribus
671 2488 773 2531 ecclesiae
787 2488 899 2545 scriptori-

124 2559 165 2602 bus
192 2557 277 2614 saepius
302 2563 435 2601 memoratur
460 2558 550 2614 eiusque
573 2558 638 2600 etiam
659 2557 753 2614 paucula
777 2558 900 2615 fragmenta

125 2628 255 2681 afferuntur,
274 2644 294 2669 v.
314 2627 342 2669 ad
362 2630 381 2682 l,
398 2627 431 2669 14.
451 2627 511 2670 locos
530 2627 661 2684 praecipuos
679 2626 715 2669 hic
732 2628 805 2683 placet
827 2633 899 2671 trans-

125 2698 227 2741 scribere.
253 2695 361 2754 Origenes
377 2696 404 2739 de
419 2696 488 2754 princ.
504 2697 524 2751 3,
544 2696 563 2737 2.
584 2699 615 2738 L:
634 2696 661 2738 de
681 2712 724 2753 quo
740 2698 861 2755 (serpente)
877 2697 900 2739 in

125 2767 277 2810 Adscensione
299 2766 383 2821 Mosis,
409 2768 470 2809 cuius
492 2766 560 2808 libelli
581 2765 678 2808 meminit
699 2766 723 2807 in
746 2765 838 2822 epistola
861 2781 900 2809 sua

124 2836 237 2892 apostolus
256 2835 324 2879 Iudas
340 2836 382 2891 (vs.
399 2837 441 2892 a),
460 2834 557 2878 Michael
577 2834 721 2891 archangelus
737 2849 787 2877 cum
802 2834 898 2878 Diabolo
