1982 3190
28 177 29 180 Ἴ
59 188 84 237 V,
100 190 118 228 5.
135 191 154 229 t.
171 189 205 238 Vt,
222 192 239 228 1.
255 189 273 228 2.
331 191 446 241 Assumptio
461 190 553 243 Moyseos

60 299 112 335 servi
126 298 151 335 de
165 299 225 337 servis
240 299 287 337 nati.
318 299 363 350 ⁵qui
379 299 429 336 euim
444 299 534 349 magistri
548 303 593 336 sunt
604 298 640 348 [et]
651 297 744 335 doctores
760 307 826 332 eorum

59 363 98 401 illis
113 365 239 414 temporibus,
255 370 312 403 erunt
325 366 419 402 mirantes
428 376 524 414 personas
534 364 658 402 nobilitatum
672 368 691 401 et
701 361 827 412 acceptiones
880 356 889 368 ⁵

60 441 168 478 munerum,
184 436 203 468 et
216 436 330 481 pervertent
344 430 428 469 iustitias
443 430 557 480 accipiendo
572 440 653 479 poenas,
684 428 717 466 6et
731 428 777 466 ideo
791 427 827 463 im-

59 494 145 544 plebitur
164 495 241 534 colonia
256 502 275 535 et
289 497 338 533 fines
353 496 480 534 habitationis
496 509 563 534 eorum
578 496 684 534 sceleribus
700 500 719 532 et
733 493 827 545 iniqnita-

60 560 117 599 tibus.
132 574 144 599 a
158 561 245 600 Domino
260 562 294 613 qui
304 561 395 599 deficiunt
405 568 462 599 erunt
471 562 525 613 impii
534 562 614 609 iudices,
630 550 653 598 et
659 565 716 598 erunt
725 561 745 598 in
756 571 826 609 campo

59 626 147 665 iudicare
161 628 260 678 quomodo
275 627 357 678 quisque
371 626 430 664 volet.

117 755 161 802 VI.
186 765 243 803 Tunc
258 771 354 815 exurgent
367 765 406 804 illis
420 779 478 817 reges
491 767 618 816 imperantes⁷
633 770 652 802 et
667 765 701 814 qui
714 764 826 803 sacerdotes

58 833 129 869 summi
139 831 177 869 Dei
187 831 309 869 vocabuntur
318 831 391 869 facient
400 833 521 881 impietatem
535 832 559 869 ab
575 836 644 885 sancto
654 830 770 869 sanctitatis,
793 827 826 867 ²et

60 898 151 935 succedet
160 897 198 935 illis
208 909 244 935 rex
253 897 350 946 petulans„
365 898 397 948 qui
407 910 447 935 non
458 898 495 935 erit
505 898 530 935 de
540 904 612 948 genere
622 897 753 943 sacerdotum,
766 885 826 932 bomo

60 963 175 1001 temerarius
194 968 213 1000 et
230 963 341 1012 improbus,
363 970 383 1001 et
400 963 494 1001 iudicabit
512 963 551 1001 illis
570 963 670 1014 quomodo
688 961 742 1014 digni
761 964 826 998 erunt:

58 1121 260 1128 --—..-—-—.........

108 1251 124 1283 5.
132 1255 198 1293 etpost
206 1254 246 1282 sunt
255 1260 288 1292 ego
297 1251 359 1290 adieci,
368 1252 387 1282 in
396 1252 435 1283 cod.
444 1251 499 1283 deest.
511 1250 564 1282 Mers
572 1250 638 1282 delevit
646 1259 709 1282 rocem
717 1248 797 1290 magistri
803 1265 827 1271 -

61 1298 127 1330 codicis
139 1299 235 1330 lectionem
248 1298 364 1339 cupiditatum
376 1297 418 1330 ferri
430 1299 479 1330 nullo
492 1299 545 1330 modo
557 1307 611 1340 posse
623 1297 714 1340 perspexit
725 1296 783 1335 Mers,
797 1296 828 1338 qui

59 1346 119 1377 locum
131 1347 156 1377 ito
168 1346 232 1387 corrigi
241 1346 305 1377 suasit:
319 1346 378 1387 cupidi
387 1346 502 1387 cupiditatum
511 1350 529 1377 et
537 1346 650 1386 acceptionis,
663 1344 711 1386 quod
719 1354 755 1376 non
763 1344 827 1385 placet.

61 1402 93 1434 ego
108 1397 128 1424 ut
140 1392 205 1424 codicis
218 1393 293 1433 vestigia
306 1393 416 1434 aliquatenus
428 1393 507 1434 legerem
520 1393 592 1434 scripsi:
611 1392 732 1432 nobilitatum,
745 1401 768 1422 an
780 1394 828 1422 recte

59 1441 130 1480 neseio,
144 1440 175 1472 sed
186 1439 231 1472 illud
244 1441 290 1480 seio,
303 1441 405 1482 scriptorem
418 1440 441 1472 ad
452 1449 537 1483 personas
549 1440 640 1472 nunonem
653 1439 745 1478 nobilium,
756 1437 785 1470 vel
797 1447 828 1479 po-

59 1491 132 1528 tentum,
144 1487 174 1519 rel
183 1487 236 1519 etiam
243 1488 353 1529 locupletum
361 1488 452 1519 adiecisse.
466 1489 505 1530 quis
518 1497 559 1519 vero
569 1488 603 1519 scit
612 1487 732 1519 exciderintne
741 1485 828 1527 quaedam

59 1535 124 1567 verba?
143 1553 165 1558 —
184 1536 248 1576 scripsi
263 1538 372 1577 pervertent,
389 1535 437 1576 quod
452 1545 499 1567 nunc
516 1535 586 1567 demum
597 1535 649 1567 video
663 1535 716 1566 etiam
728 1533 827 1566 Wieselero

59 1583 71 1614 l.
84 1582 96 1614 l.
109 1593 127 1624 p.
140 1583 179 1615 641.
192 1582 288 1625 placuisse3
301 1583 351 1615 cod:
363 1582 471 1624 pervendenr
479 1600 502 1606 —
514 1592 586 1623 poenas,
600 1580 666 1624 ποινάς,
675 1581 757 1621 Volkm.;
769 1578 827 1622 τιμάς,

59 1629 137 1671 Hilgeni.
157 1648 179 1653 —
199 1630 215 1661 6.
227 1630 257 1661 hic
271 1630 337 1661 codicis
350 1630 400 1661 locus
414 1640 434 1662 eo
447 1629 538 1669 notabilis,
552 1630 600 1671 quod
612 1629 694 1662 librarius
707 1638 747 1659 cnm
759 1631 827 1659 textum

59 1687 91 1709 sex
106 1687 187 1709 versuum
205 1677 334 1718 descripsisset,
351 1677 483 1717 correctiorem,
501 1676 553 1708 credo
569 1686 605 1708 una
620 1686 660 1708 cum
672 1676 770 1718 praemissa
782 1684 827 1706 voce

59 1727 100 1765 post
113 1733 135 1755 ex
146 1725 226 1764 margine
239 1724 305 1755 codicis
318 1733 370 1765 quem
383 1724 494 1756 describebat
506 1724 623 1765 desumptum,
638 1724 688 1757 illico
701 1723 776 1756 addidit.
791 1723 827 1754 boc

60 1781 94 1812 quo
108 1771 164 1812 magis
177 1774 242 1812 pateat,
255 1775 348 1813 utrumque
359 1770 389 1803 bic
401 1773 450 1803 iuxta
462 1781 528 1813 ponere
540 1771 607 1813 placet:

84 1844 101 1873 et
113 1840 152 1872 finis
165 1840 226 1873 habita
447 1846 488 1884 post
500 1842 544 1873 lines
556 1842 618 1873 habita

60 1888 116 1920 tiones
130 1898 189 1920 eornm
202 1897 231 1919 sce
448 1890 501 1921 tionis
514 1889 611 1921 sceleribus

58 1936 125 1968 teribus
139 1940 156 1967 et
167 1935 243 1977 iniquita
448 1940 466 1968 et
477 1937 601 1979 iniquitatibus

59 1984 106 2015 tibus
120 1993 130 2015 a
142 1983 175 2015 deo
188 1987 207 2014 ut
220 1984 250 2024 qui
262 1983 279 2014 fa
448 1994 459 2016 a
471 1984 543 2016 domino
557 1984 589 2026 qui
599 1983 668 2015 faciunt

61 2032 86 2062 cit
98 2035 149 2062 erunt
159 2031 210 2071 impii
221 2031 241 2062 iu
449 2035 500 2063 erunt
512 2032 563 2074 impii
574 2031 641 2063 iudices

59 2079 108 2111 dices
121 2082 172 2110 erunt
183 2079 201 2110 in
215 2088 253 2110 eam
448 2079 520 2111 inerunt
531 2080 550 2111 in
563 2089 625 2121 campo

448 2127 527 2159 indicare
538 2128 630 2169 quomodo

449 2175 535 2217 quisquae
548 2174 597 2207 volet

59 2244 92 2275 sed
103 2243 216 2285 prohdolor!
230 2249 291 2278 neuter
303 2255 355 2278 sanus
365 2250 396 2286 est,
410 2254 443 2287 ego
452 2245 545 2277 emendavi
553 2249 572 2277 ut
580 2245 635 2287 potui.
648 2264 672 2268 —
683 2245 734 2284 fines,
746 2243 768 2280 td
782 2242 827 2290 ’όριαε

60 2292 91 2323 alii
103 2291 213 2323 retinuerunt
224 2292 265 2325 finis
277 2311 300 2317 -
312 2294 330 2324 in
344 2295 412 2335 campo,
425 2299 473 2335 pum,
485 2293 603 2325 Heidenheim
614 2294 625 2324 l.
634 2293 647 2326 l.
655 2303 672 2335 p.
682 2294 709 2325 88.
721 2311 744 2316 -
757 2294 829 2336 Hilgen-

58 2338 104 2371 feld:
123 2357 145 2362 —
164 2339 209 2371 adeo
221 2340 249 2372 ius
263 2341 293 2382 qui
305 2339 372 2373 faciunt
385 2344 436 2372 erunt
448 2341 498 2382 impii
510 2341 587 2381 iudices,
604 2341 618 2372 ii
630 2345 682 2372 erunt
693 2341 712 2372 in
725 2351 786 2384 eampo
799 2361 827 2373 —.

59 2386 154 2418 Volkmar:
171 2405 192 2410 —
209 2396 220 2418 a
232 2387 309 2420 domino.
322 2397 368 2431 quae
381 2388 411 2430 qui
422 2388 490 2420 faciunt
502 2405 525 2412 -
538 2393 556 2420 et
569 2392 620 2420 crunt
632 2389 651 2420 in
664 2398 726 2429 campo
739 2407 767 2420 —.
781 2390 828 2422 deni-

60 2444 94 2476 qne
105 2433 165 2465 lllerx:
184 2453 207 2458 —-
226 2445 237 2466 a
253 2435 292 2468 deo.
307 2440 327 2467 ut
342 2431 377 2476 (ὡς,
391 2436 462 2478 quippe)
479 2436 510 2478 qui
524 2436 614 2468 tactarunt
625 2437 685 2476 impie,
697 2436 765 2477 iudices
778 2442 829 2469 erunt

59 2482 78 2513 in
94 2491 114 2513 ea
129 2482 213 2523 (colonia)
229 2483 289 2523 inpost
305 2484 333 2524 (=
347 2484 366 2515 in
381 2484 477 2525 posterum)
493 2483 572 2516 indicare
588 2502 616 2516 —.
636 2483 737 2515 huiusmodi
754 2485 828 2517 consilia

59 2529 125 2561 nollem
137 2528 167 2561 hic
178 2530 206 2561 vir
219 2529 330 2562 doctissimus
342 2530 431 2562 edidisset.

106 2599 137 2645 VI,
155 2602 171 2632 1.
184 2600 247 2642 scripsi
260 2610 282 2632 er
294 2602 416 2634 emendatione
429 2602 464 2642 qui,
478 2602 544 2633 codex:
559 2603 584 2642 in,
598 2603 645 2644 qnod
658 2606 694 2634 tum
706 2602 750 2635 ferri
762 2608 828 2645 posset,

60 2650 75 2680 si
83 2658 115 2691 per
124 2649 216 2689 sequentia
224 2648 287 2681 liceret
295 2649 409 2690 coniungere:
422 2649 528 2691 imperantes
538 2652 556 2681 et
562 2650 590 2690 in3
603 2650 635 2682 sed
644 2648 668 2687 εἰς
676 2648 727 2692 ἱερεῖς
736 2650 828 2693 aluit-qaut,

60 2695 161 2728 sacerdotes
169 2696 235 2736 vocari,
247 2705 299 2728 nemo
307 2706 387 2738 unquam
395 2696 444 2734 dixit,
459 2701 476 2727 et
483 2696 520 2728 loci
528 2707 573 2738 quos
582 2697 642 2729 attulit
648 2697 701 2729 Mers
711 2697 752 2730 Act.
762 2698 790 2738 13,
799 2700 828 2730 22.

59 2738 126 2786 ἤγειρεν
139 2740 167 2777 τὸν
180 2741 233 2776 Aetolo
246 2741 270 2781 εἷς
283 2743 362 2787 βασιλέα,
375 2744 452 2775 Testam.
464 2743 508 2775 Levi
521 2746 537 2776 8.
550 2742 597 2787 *sirco
607 2743 631 2783 εἰς
644 2742 691 2788 ἱερέα
700 2745 745 2776 alins
754 2755 828 2787 prorsus

60 2792 129 2831 generis
142 2797 187 2823 sunt.
205 2808 229 2815 —
248 2790 312 2823 codex:
331 2791 397 2823 facient
408 2791 500 2831 facientem
516 2791 597 2833 Hilgeni.
611 2796 628 2824 et
639 2792 711 2825 Volkm.
725 2792 829 2825 deleverunt

59 2837 133 2879 facient3
152 2838 203 2871 Mers
221 2849 252 2881 pro
268 2838 334 2870 facient
351 2840 422 2881 scripsit
438 2839 456 2871 in
471 2839 544 2871 facicm!
564 2858 585 2865 -
605 2840 636 2880 ab,
652 2839 694 2872 inde
710 2840 741 2880 ab,
758 2835 792 2874 dat
805 2860 828 2866 -

60 2886 76 2916 ’2.
90 2886 137 2918 cod:
154 2887 232 2919 succedit
243 2904 266 2911 ·-
