1982 3190
137 137 181 188 [VI,
197 136 281 187 1-al]
401 133 461 174 Liber
476 125 553 174 Esdrae
568 140 650 185 quartus

194 313 248 378 [Ἦ.
279 326 305 364 Et
324 326 429 376 apparebit
449 325 503 363 sinus
521 329 674 371 tormentorum,
697 337 722 361 ex
739 323 825 362 adverso
843 326 910 360 autem

106 399 108 401 '
137 392 193 430 huius
212 391 267 430 locus
285 391 367 441 quietis,
390 390 510 428 revelabitur
527 390 595 427 furnus
614 391 725 440 gehennae,
745 394 765 427 et
784 401 810 427 ex
825 387 910 426 adverse

138 458 179 495 eius
193 458 264 496 iterum
274 457 378 507 paradisus
388 456 536 493 iucunditatum.
552 453 586 492 2et
596 455 648 493 dicet
658 461 705 493 tunc
715 454 828 493 Altissimus
839 458 911 491 contra

137 511 182 561 illos
196 511 282 573 populos
296 521 433 560 resuscitatos:
448 520 541 570 respicite
557 525 576 558 et
590 520 657 559 videte
671 532 730 570 quem
739 520 860 571 abnegastis,
875 523 910 557 aut

137 602 195 639 quem
213 602 253 626 uon
271 586 367 635 coluistis,
386 591 421 623 aut
435 585 489 624 cuius
504 590 612 636 praecepta
626 585 726 624 reiecistis.
757 583 835 624 ³videte
849 585 910 635 igitur

137 668 163 692 ex
178 655 262 692 adverso
276 657 371 690 vestrum:
388 663 434 689 ecce
447 651 480 689 hie
490 651 572 689 deliciae
582 656 602 689 et
612 651 764 697 oblectamenta,
779 655 799 688 et
807 650 848 688 illic
858 650 910 701 ignis

138 725 157 757 et
176 722 300 757 tormentum.
330 717 380 755 haec
397 716 489 767 loquetur
507 718 535 755 eis
552 716 625 754 inille
644 716 675 754 die
693 716 765 753 iudicii.
795 715 842 753 4ille
858 717 910 759 enim

106 823 107 829 ,
138 785 179 822 dies
196 783 263 821 iudicii
278 782 306 820 sic
321 786 359 819 est:
383 779 436 818 ⁵non
451 782 482 819 sol
497 788 526 820 est
541 782 560 820 in
577 795 600 820 eo
615 793 680 831 neque
694 780 742 818 luna
756 793 820 830 neque
835 780 910 828 stellae,

139 848 217 898 ⁶neque
235 848 296 885 nubes
311 859 375 896 neque
387 846 467 896 fulgura
481 860 545 898 neque
560 847 658 894 tonitrua,
677 845 755 896 ⁷neque
774 846 827 885 venti
846 858 911 896 neque

138 926 191 964 aqua
206 925 269 962 neque
279 911 319 959 aer,
331 901 412 962 ¹8neque
421 913 516 951 tenebrae
526 925 590 963 neque
600 912 671 963 vesper
681 924 744 962 neque
754 924 818 959 mane,
835 911 911 962 ⁹neque

139 984 204 1017 aestas
219 991 283 1028 neque
297 978 359 1017 hiems
374 989 437 1027 neque
451 978 529 1016 initium
544 979 597 1026 anni,
617 977 704 1027 10neque
720 978 775 1016 calor
789 990 854 1027 neque
868 978 911 1028 gla-

139 1045 178 1083 cies
192 1057 257 1094 neque
266 1044 334 1094 frigus,
351 1042 440 1093 ¹¹neque
450 1044 527 1094 grando
537 1056 602 1094 neque
614 1057 647 1083 ros
658 1056 722 1095 neque
731 1043 805 1093 pluvia,
822 1040 911 1093 ¹2neque

138 1110 229 1148 meridies
244 1122 308 1159 neque
323 1121 364 1146 nox
379 1122 443 1159 neque
453 1109 500 1157 dies,
518 1109 605 1160 1³neque
615 1110 649 1148 lux
660 1122 724 1160 neque
734 1108 806 1155 lumen,
823 1106 912 1157 ¹4neque

137 1176 204 1226 fulgor
218 1188 282 1225 neque
296 1174 401 1224 splendor,
419 1174 456 1213 nisi
471 1180 548 1213 tantum
562 1176 629 1213 radius
645 1175 721 1225 gloriae
737 1174 839 1220 Altissinri,
860 1172 880 1196 1⁵
886 1185 911 1210 ex

138 1254 177 1290 quo
193 1241 236 1288 erit,
250 1245 272 1277 ut
286 1241 326 1278 sint
340 1240 429 1278 videntes
445 1242 498 1290 quod
508 1241 635 1279 constitutum
646 1246 681 1279 est.
708 1239 834 1291 ¹⁶longitudo
844 1243 911 1276 autem

139 1307 177 1344 erit
192 1307 210 1344 ei
223 1307 273 1344 sicut
287 1305 412 1343 hebdomada
427 1318 529 1343 annorum.
557 1304 618 1344 ¹7hoc
634 1311 664 1344 est
679 1310 744 1344 autem
755 1311 775 1343 et
784 1305 818 1344 lex
829 1304 876 1355 eius,
892 1309 912 1341 et

138 1371 174 1409 tibi
188 1371 227 1409 soli
241 1370 375 1409 demonstravi
390 1383 419 1408 ea.

198 1435 248 1474 ¹⁸Et
266 1435 360 1486 respondi
379 1440 399 1473 et
416 1435 467 1474 dixi:
488 1435 609 1474 Dominator
624 1435 717 1483 Domine,
732 1437 855 1474 etiamtunc
870 1435 911 1473 dixi

139 1505 159 1537 et
173 1513 225 1538 nunc
238 1498 310 1538 iterum
324 1501 397 1538 dicam:
413 1501 467 1538 beati
477 1514 545 1539 omnes
557 1502 586 1539 illi
597 1502 629 1552 qui
640 1507 737 1540 venerunt
747 1506 767 1540 et
777 1501 912 1540 custodierunt

138 1570 246 1616 praecepta
263 1567 330 1616 posita
347 1579 359 1604 a
377 1566 407 1603 tel
439 1565 498 1605 ¹⁹sed
513 1568 537 1605 de
552 1567 582 1615 iis,
597 1569 622 1605 de
637 1568 707 1617 quibus
722 1567 801 1618 rogatio
816 1579 861 1604 mea
876 1570 911 1613 est,

139 1632 182 1681 quis
202 1632 253 1670 enim
271 1644 297 1670 ex
310 1631 334 1670 iis
350 1631 383 1681 qui
397 1637 499 1680 venerunt,
514 1633 547 1683 qui
562 1645 602 1669 non
617 1631 755 1682 peccaverint?
778 1637 813 1669 aut
828 1632 871 1682 quis
886 1644 912 1669 ex

139 1697 197 1744 natis,
210 1697 243 1746 qui
253 1709 293 1734 non
303 1701 437 1746 transgressus
447 1697 473 1735 sit
482 1702 611 1747 praeceptum
620 1697 687 1735 tuum?
703 1696 749 1735 ²⁰er
759 1710 811 1735 nune
821 1702 911 1747 apparet,

139 1762 185 1811 quia
198 1762 267 1811 paucis
282 1761 368 1799 futurum
384 1765 413 1799 est
427 1767 450 1799 ut
464 1763 563 1800 saeculum
579 1767 682 1801 venturum
696 1763 749 1801 ferat
762 1763 912 1810 iucunditatem,

139 1826 205 1864 multis
223 1839 270 1864 vero
289 1831 414 1864 tormentum.
444 1826 502 1865 21est
521 1830 572 1866 enim
591 1829 612 1866 in
630 1828 687 1866 nobis
708 1840 742 1866 cor
757 1827 839 1876 malum,
858 1827 912 1877 quod

138 1891 222 1930 abduxit
236 1903 273 1929 nos
288 1893 313 1930 ab
329 1892 358 1930 his
374 1897 393 1930 et
409 1893 492 1931 adduxit
507 1906 544 1932 nos
555 1894 581 1932 ad
592 1885 745 1943 corruptionem,
761 1899 780 1932 et
790 1894 832 1932 vias
842 1893 912 1931 mortis

186 2131 232 2163 Post
243 2141 268 2163 vs.
281 2131 310 2164 35.
323 2132 411 2174 quaedam
424 2134 512 2166 excidisse
525 2138 609 2166 contexta
621 2136 678 2167 oratio
692 2135 753 2176 docet,
766 2135 876 2167 multavere
890 2144 913 2166 ex

139 2178 250 2210 versionibus
263 2178 378 2221 intelligitur,
393 2180 470 2222 denique
483 2182 595 2222 Ambrosius,
608 2181 754 2225 archiepiscopus
766 2182 913 2223 Mediolanensis,

139 2224 227 2265 quaedam
239 2226 327 2258 versionis
339 2226 405 2259 latinae
416 2226 517 2269 fragmenta
525 2228 589 2269 attulit,
603 2229 631 2260 vel
641 2230 693 2261 etiam
702 2230 777 2262 liberius
785 2230 853 2270 retulit,
867 2238 913 2271 quae

141 2271 176 2302 huc
188 2272 278 2313 pertinent
290 2282 372 2315 quaeque
384 2274 402 2305 in
414 2276 494 2316 margine
506 2275 553 2307 intra
565 2275 665 2313 afferemus.
678 2286 701 2308 ne
713 2286 755 2309 vero
764 2286 827 2309 manca
840 2280 888 2308 esset
896 2281 914 2307 et

139 2317 242 2359 imperfecta
254 2323 316 2352 nostra
327 2320 370 2352 libri
382 2321 443 2362 editio,
456 2322 496 2353 loco
510 2332 626 2364 eorumquae
638 2324 656 2356 in
666 2324 748 2356 versione
756 2324 813 2356 latina
821 2324 914 2366 perierunt

140 2364 226 2405 syriacam
241 2367 407 2407 interpretationem
423 2369 493 2401 uncinis
510 2369 597 2401 inclusam
612 2370 669 2403 latine
683 2371 796 2404 inseruimus.
817 2371 850 2403 etsi
867 2371 914 2402 enim

139 2411 189 2451 haec,
201 2421 212 2443 a
225 2422 260 2454 qua
272 2413 373 2456 aethiopica
384 2415 433 2447 haud
445 2416 520 2448 multum
532 2415 596 2457 differt,
609 2419 699 2459 puriorem
711 2422 780 2451 textum
792 2418 868 2451 latinum
876 2427 913 2450 nun

140 2458 213 2490 omnino
225 2459 284 2500 refert,
296 2462 352 2493 multo
365 2467 425 2494 tamen
436 2464 494 2504 magis
507 2464 530 2496 ad
543 2473 583 2496 eum
591 2465 660 2496 accedit
669 2476 723 2508 quam
730 2466 795 2506 Arabs,
809 2466 840 2508 qui
848 2474 914 2507 magna

138 2505 211 2538 lieentia
223 2515 265 2537 usus
279 2512 341 2549 suapte
353 2518 407 2541 manu
419 2510 488 2542 addidit
500 2514 573 2543 atvero
586 2512 647 2544 omisit
659 2523 705 2555 quae
716 2513 775 2545 libuit.

187 2567 219 2616 VI,
232 2569 295 2603 6-14.
312 2570 418 2605 Ambrosius
431 2574 453 2605 de
466 2574 512 2606 bono
526 2576 588 2607 mortis
598 2585 612 2607 o.
623 2577 660 2608 la:
673 2576 737 2609 ibimus
747 2587 768 2609 eo
777 2577 807 2609 uhi
820 2576 913 2620 paradisus

141 2620 167 2648 est
179 2616 299 2649 iucunditatis
311 2636 332 2642 -
350 2620 381 2651 uhi
393 2620 453 2653 nullae
466 2621 527 2661 nubes,
540 2622 591 2654 nulla
603 2624 687 2664 tonitrua,
700 2623 761 2656 nullae
774 2624 913 2664 coruscationes,

139 2664 189 2696 nulla
200 2667 292 2697 venturum
300 2666 385 2707 procella,
393 2677 452 2710 neque
460 2668 549 2709 tenebrae,
558 2679 617 2712 neque
625 2680 699 2713 vesper,
712 2680 770 2714 neque
779 2675 843 2711 aestas,
855 2680 914 2713 neque

140 2711 198 2744 hiems
208 2712 256 2744 vices
268 2711 362 2745 variabunt
370 2716 475 2757 temporum,
488 2726 524 2748 non
532 2715 594 2757 frigus,
606 2727 643 2750 non
652 2717 727 2760 grando,
739 2728 775 2750 non
784 2718 864 2760 pluviae:
877 2729 915 2751 non

141 2758 185 2790 solis
197 2759 248 2792 istius
262 2760 295 2792 erit
306 2769 348 2792 usus
358 2765 387 2792 aut
395 2761 454 2803 lunae,
467 2773 525 2805 neque
534 2764 625 2797 stellarum
635 2766 690 2808 globi,
703 2765 735 2798 sed
748 2765 787 2798 sola
794 2765 830 2798 Dei
838 2765 915 2808 fulgebit

141 2805 220 2848 claritas,
233 2806 321 2840 Dominus
335 2808 382 2840 enim
396 2809 430 2841 erit
441 2811 473 2843 lux
486 2811 570 2844 omnium.
