1982 3190
418 157 521 197 Praefatio
836 165 863 196 IX
900 161 902 167 ’

88 268 128 318 est⁷
139 263 175 306 >ita
189 268 263 305 tamen
278 268 304 306 ut
314 262 341 306 ad
352 263 529 321 cognoscendum
539 262 621 306 librum
630 262 691 305 haud
700 277 779 319 parum
789 261 861 304 faciat.

88 338 185 376 ceterum
199 332 222 374 in
236 333 337 376 versione
352 332 446 391 syriaca,
464 338 490 375 ut
508 337 530 374 et
546 332 570 375 in
588 330 711 388 aethiopica
730 338 751 373 et
766 331 861 385 arabica,

87 401 144 445 liber
157 407 232 445 noster
247 402 331 445 Esdrae
346 401 430 458 primus
445 401 532 444 dicitur.

97 465 98 468 ¹
145 471 242 514 Arabica
251 470 403 527 interpretatio
413 485 484 526 nuper
495 469 582 513 demum
593 476 682 513 curante
689 469 758 513 Henr.
767 469 861 513 Eualdo

89 541 145 598 (Das
155 541 225 583 vierte
234 530 355 583 Ezrabuoh
362 539 418 582 nach
429 539 510 582 seinem
521 539 631 593 Zeitalter‚
642 540 716 582 seinen
724 538 863 583 Arabischen

27 608 29 611 ⁴
89 610 285 666 Uebersetzrmgen
307 608 353 651 und
371 608 430 650 einer
452 622 523 650 neuen
544 606 779 666 Wiederherstellung.
805 608 863 653 Got-

89 680 173 737 tingen⁷
190 680 251 721 1865.
264 679 296 736 4.)
307 692 334 719 ex
345 677 421 721 codice
429 676 575 720 bibliothecae
585 676 720 720 Bodleianae
731 677 770 735 (N.
781 678 821 721 VI.
834 680 863 736 1.)

91 748 149 791 edita
164 753 205 803 est,
220 747 283 791 cuius
298 748 352 789 haec
367 753 401 789 est
416 746 559 803 subscriptio:
574 772 602 777 —
618 746 709 802 „finitus
722 752 756 790 est
766 748 863 791 secundo

91 818 133 872 die,
149 816 227 860 XVII.
244 817 279 859 die
293 817 374 861 mensis
389 816 515 870 Barmahat,
530 830 586 858 anno
602 822 728 859 sanctornm
742 823 865 874 martyrum

91 886 158 930 ΜΠ.
174 886 206 943 (h.
221 902 239 929 e.
255 885 276 928 d.
291 885 385 929 XXIX.
400 902 430 928 m.
445 885 505 943 Aug.
521 901 540 928 a.
556 885 619 927 1336.
634 884 754 943 1101111.)
770 885 864 942 domine,

91 956 201 1014 propitius
211 956 241 1000 sis
251 955 362 1012 peccatori
372 954 456 997 scribae
467 961 489 997 et
499 953 577 997 ceteris
587 954 638 997 filiis
651 954 764 1012 baptismi!
780 958 865 998 11111111.ιι

93 1041 145 1070 sane
160 1040 212 1068 vero
227 1024 279 1068 viris
295 1024 365 1067 doctis
380 1024 424 1066 iam
439 1023 522 1067 dudum
532 1029 585 1067 nota
595 1029 647 1075 erat,
662 1040 713 1066 nam
723 1025 813 1068 ineunte
822 1025 866 1067 iam

94 1096 180 1139 saeculo
199 1094 318 1152 praeterito
335 1093 411 1136 eodem
428 1093 503 1136 codice
517 1091 570 1136 usus
585 1092 662 1137 Simon
679 1092 766 1151 Ochley
781 1094 867 1153 anglice

94 1181 141 1208 eam
151 1163 248 1208 reddidit
257 1169 278 1206 et
286 1163 346 1207 Guil.
353 1162 460 1207 Whistcn
469 1163 526 1206 libro
538 1178 587 1206 suo:
598 1162 712 1206 Primitive
722 1162 868 1221 Christianity

94 1233 189 1277 revived.
204 1232 276 1276 Lond.
293 1234 355 1275 1711.
372 1232 405 1273 12.
421 1232 447 1275 Τ.
460 1232 501 1275 IV.
512 1232 610 1275 inseruit.
625 1231 686 1274 haud
695 1232 727 1275 ita
737 1233 806 1291 multo
816 1240 868 1289 post

94 1303 113 1346 l.
124 1303 152 1345 A.
163 1301 278 1345 Fabricius
288 1302 330 1344 hac
340 1301 426 1358 anglica
436 1302 537 1345 versione
547 1317 599 1345 usus
610 1302 740 1344 varietatem
749 1302 868 1345 lectionum

96 1372 232 1415 arabicarum
250 1371 321 1414 textui
338 1371 406 1414 latino
424 1371 492 1413 latine
510 1371 608 1413 subiecit.
631 1372 756 1428 nuperrime
774 1372 869 1428 denique

95 1441 225 1499 Hilgenfeld
244 1441 300 1483 hanc
317 1440 388 1497 ipsam
406 1440 571 1483 translationem
591 1440 699 1498 anglicam
715 1441 783 1484 latine
801 1442 870 1484 inter-

96 1517 196 1569 pretatus
215 1516 247 1554 est
265 1515 287 1552 et
305 1509 361 1552 libro
381 1525 420 1552 suo
439 1509 454 1551 l.
471 1526 493 1567 p.
510 1509 558 1552 323.
574 1525 602 1553 ss.
620 1510 759 1553 inserendam
778 1511 870 1567 curam't,

97 1580 137 1625 sed
151 1581 207 1624 bene
223 1580 302 1635 evenit,
318 1578 378 1635 quod
393 1579 462 1622 Henr.
479 1577 575 1634 Steiner‚
590 1580 634 1622 iam
650 1580 734 1637 collega
749 1580 802 1622 mihi
817 1595 870 1623 con-

97 1650 255 1703 iunctissimus⁷
270 1647 408 1706 Hilgenfeldi
422 1648 546 1692 versionem
561 1648 589 1690 ad
604 1654 689 1691 textum
700 1649 811 1692 arabicum
822 1665 870 1692 cor-

97 1719 156 1762 rexit
171 1725 237 1774 atque
252 1715 374 1775 castigavit.
389 1733 456 1774 porro
471 1716 564 1760 habetur
573 1717 596 1759 in
606 1718 739 1761 bibliotheca
748 1718 872 1761 Bodleiana

99 1787 256 1846 (1111111.)
276 1786 447 1843 „compendium
465 1786 517 1830 libri
534 1786 605 1829 Errae
619 1788 758 1845 prophetae“
779 1788 872 1843 arabice,

40 1905 41 1910 Ἰ
100 1857 160 1915 quod
175 1857 261 1900 arabice
276 1856 345 1899 edidit
360 1855 496 1899 1111111111.
511 1872 533 1913 p.
543 1856 578 1899 48.
589 1871 625 1911 ss,
641 1857 764 1914 germanice
774 1858 873 1902 reddidit

100 1926 188 1971 Steiner
203 1926 340 1984 (Zeitsohrift
349 1926 385 1968 fur
395 1925 520 1970 wissensch.
531 1925 651 1984 Theologie
663 1927 725 1970 1868.
735 1944 757 1984 p.
770 1928 818 1971 396.
827 1930 873 1986 ss).

99 1997 164 2041 huius
180 1997 285 2054 epitomes
300 2010 344 2038 non
360 2000 407 2037 erat
422 2010 460 2038 our
475 2011 516 2054 ego
531 1995 638 2039 rationem
652 1996 761 2040 haberem.
779 1997 874 2055 Hilgen-

101 2066 160 2110 seldo
175 2066 247 2109 iudice
261 2065 300 2108 ll.
311 2081 332 2121 p.
342 2064 407 2108 XLI.
423 2065 531 2122 interpres
547 2065 647 2109 arabicus
657 2071 720 2108 textu
730 2081 809 2124 graeco
820 2082 873 2111 usus

101 2141 144 2191 est,
160 2135 199 2179 sed
214 2134 267 2177 mihi
281 2134 350 2177 multo
367 2139 401 2177 est
415 2134 550 2191 probabilius
565 2135 688 2179 versionem
703 2150 753 2178 eum
768 2137 876 2193 syriacam

101 2210 152 2248 ante
168 2205 242 2248 oculos
257 2204 367 2260 habuisse,
382 2209 444 2246 tanta
459 2219 510 2246 vero
525 2204 614 2247 licentia
629 2210 740 2261 grassatus
757 2211 797 2261 est,
812 2212 838 2247 ut
848 2205 876 2248 ad

101 2274 189 2316 libitum
204 2274 330 2331 corrigeret,
345 2273 436 2316 adderet
451 2278 473 2315 et
486 2273 583 2316 demeret
592 2273 687 2330 ideoque
697 2290 742 2317 non
751 2279 797 2317 tam
807 2276 876 2317 inter·
893 2270 903 2297 9

101 2343 170 2400 pretis
201 2359 266 2400 quam
295 2344 451 2401 paraphrastae
475 2358 592 2400 personam
616 2343 690 2387 ferret.
719 2343 784 2388 huius
809 2345 877 2402 igitur

103 2412 228 2455 auctoritati
243 2428 296 2456 cave
310 2413 402 2455 nimium
415 2412 478 2455 fidas.

160 2480 235 2524 Multo
258 2482 354 2525 melioris
377 2487 443 2525 notae
465 2488 499 2526 est
520 2481 592 2525 versio
615 2482 748 2539 aethiopica,
771 2499 828 2540 qliae
851 2500 878 2527 ex

104 2566 183 2610 graeco
198 2550 259 2593 fonte
274 2551 339 2593 11111111
354 2566 379 2594 ac
393 2551 474 2594 latinae
489 2556 511 2593 et
526 2551 624 2608 syriacae
639 2567 684 2594 non
698 2551 817 2595 admodum
833 2553 878 2597 dis-

105 2621 181 2664 similis
203 2626 242 2664 est.
263 2621 347 2675 primns
371 2636 429 2676 eam7
452 2620 491 2664 sed
514 2620 631 2663 admodum
656 2621 744 2678 vitiose,
769 2622 878 2667 Ricardus

104 2689 219 2733 Laurence
235 2686 343 2746 Oxoniaa
360 2690 423 2733 1820.
440 2691 459 2733 8.
475 2691 497 2732 in
512 2690 584 2733 lucem
600 2689 669 2733 edidit
684 2690 760 2734 addita
775 2697 797 2734 et
811 2692 881 2735 latina

105 2765 127 2802 et
137 2759 222 2817 anglica
231 2760 418 2816 interpretatione.
433 2759 489 2802 hane
499 2759 589 2803 latinam
596 2760 799 2817 interpretationem
810 2762 879 2805 multo

107 2828 277 2872 emendatiorem
296 2828 396 2872 exhibuit
413 2828 542 2886 llilgenfeld
557 2829 570 2871 1.
586 2830 600 2871 l.
616 2845 638 2887 p.
654 2829 701 2872 262.
718 2845 757 2886 ss.3
776 2831 814 2888 qui
833 2837 881 2874 turn
