1982 3190
104 151 147 202 [VL
163 147 262 203 ita-77]
369 149 430 188 Liber
443 150 521 188 Esdrae
535 153 625 200 quartus,
849 146 878 189 43

105 260 209 305 creditam3
234 257 289 296 ⁶⁸via
304 263 383 309 quarta,
403 258 456 308 quod
471 259 538 297 vident
553 264 573 296 et
588 257 701 308 intelligunt
721 257 815 306 quietem,
831 258 878 309 quia

103 338 160 372 nunc,
176 324 255 375 quaudo
271 325 367 363 collectae
382 324 455 362 fuerint
469 324 491 362 in
505 323 647 373 promptuariis
660 324 706 370 suis,
721 322 847 373 requiescunt
856 323 876 360 in

105 391 171 441 quiete
185 390 248 429 multa
263 396 282 428 11
297 391 322 427 ab
338 389 414 439 angelis
429 390 571 436 custodiuntur,
587 394 607 427 et
620 388 705 439 gloriam
718 393 840 427 reservatam
851 388 878 426 eis

104 457 125 494 in
135 457 252 503 novissimo;
269 454 326 492 ⁶⁹via
336 455 410 504 quinta,
426 455 479 504 quod
492 455 585 504 gaudent,
601 455 700 504 quomodo
712 454 816 505 effugerint
826 467 878 492 nunc

105 523 130 561 ab
146 535 169 560 11
185 523 238 573 quod
253 520 391 570 corrumpitur,
407 524 427 556 et
442 519 541 569 quomodo
556 519 707 557 haereditabunt
722 521 775 569 quod
789 520 878 558 futurum

105 593 143 627 est:
159 587 204 626 ⁷⁰et
218 588 289 625 iterum
302 586 369 624 vident
378 585 527 623 tribulationem
537 589 557 622 et
566 584 709 623 multitudinem
719 585 799 634 laboris,
815 599 827 623 a
838 599 877 636 quo

104 654 201 692 liberatae
218 653 306 698 fuerunt,
325 656 345 688 et
364 651 506 698 recreationes,
525 662 573 700 quas
591 650 678 687 futurum
693 655 759 688 estut
773 652 878 701 accipiant,

85 723 88 728 '
105 726 125 757 et
140 719 286 756 oblectamenta
301 729 352 766 quae
367 715 472 765 recipient,
491 720 510 753 et
525 720 571 753 sunt
585 715 715 763 immortales3
739 715 797 754 ⁷¹via
814 722 877 764 sexta,

106 783 185 834 quando
197 782 311 820 ostendetur
322 781 355 829 eis,
371 781 470 832 quomodo
481 781 568 819 futurum
578 786 608 819 est
617 787 640 819 ut
649 781 710 820 facies
722 795 790 820 eorum
799 783 879 823 luceant

53 867 57 870 —
105 849 155 887 sicut
170 848 212 895 sol,
233 853 252 885 et
271 848 371 898 quomodo
387 847 475 884 futurum
490 851 520 885 est
534 852 556 884 ut
571 847 702 886 assimilentur
716 847 755 886 luci
770 849 878 898 stellarum,

105 926 169 963 neque
183 914 254 951 iterum
270 917 430 962 corrumpentur;
447 911 505 951 avj,
519 912 609 962 septima,
625 924 676 962 quae
690 913 755 952 maior
768 919 798 953 est
808 917 879 954 ceteris

106 979 221 1029 praedictis,
242 979 295 1028 quod
313 979 424 1029 gloriantur
443 991 487 1016 cum
501 978 573 1016 fiducia
588 983 608 1016 61
623 979 733 1026 confidunt,
752 992 817 1030 neque
833 995 879 1020 con-

105 1045 213 1082 funduntur
231 1050 251 1082 et
269 1044 389 1092 accelerant,
407 1048 429 1080 ut
449 1044 529 1082 videant
544 1044 615 1082 faciem
629 1044 691 1092 illius,
709 1046 740 1082 cui
754 1046 879 1085 subiecerunt

105 1123 127 1149 se
141 1111 162 1148 in
176 1111 218 1149 vita
232 1122 276 1156 sua,
294 1115 314 1147 et
327 1110 390 1157 illius,
410 1122 423 1146 a
437 1122 476 1159 quo
491 1110 578 1147 futurum
593 1115 623 1147 111
637 1114 659 1147 11
673 1110 808 1160 glorificentur
824 1119 843 1150 11
857 1120 879 1150 ut

106 1176 206 1226 accipiant
223 1175 340 1213 mercedem.
371 1173 434 1212 ⁷³hae
451 1179 497 1212 sunt
515 1176 559 1213 viae
577 1175 688 1212 animarum
706 1176 811 1225 iustorum,
828 1190 879 1228 quae

107 1254 132 1280 ex
149 1242 188 1279 hoc
206 1253 258 1278 nunc
273 1240 419 1278 annuntiantur.
445 1238 490 1277 ⁷4et
503 1240 547 1279 rias
561 1245 707 1279 tormentorum
722 1242 833 1291 praedictas
848 1257 879 1282 re-

107 1307 179 1357 cipient
201 1319 226 1344 ex
243 1307 282 1344 hoc
300 1319 352 1344 nunc
369 1304 458 1344 rebelles.
483 1307 561 1359 animae
577 1307 629 1343 istae
645 1307 665 1343 in
683 1309 821 1357 promptuaria
839 1322 879 1347 non

105 1372 251 1423 ingrediuntur,
269 1371 304 1409 sed
320 1384 345 1409 ex
359 1372 398 1408 hoc
412 1383 465 1408 nunc
479 1376 524 1409 sunt
540 1372 639 1410 cruciatae
653 1372 675 1410 in
689 1373 796 1422 supplicio,
812 1378 831 1411 11
845 1388 879 1425 ge-

106 1442 162 1475 munt
177 1443 197 1475 et
210 1437 279 1487 lugent
293 1436 314 1474 in
329 1440 406 1486 septem
420 1436 462 1474 viis.
493 1435 540 1474 ⁷⁵et
553 1438 648 1487 respondi
664 1442 684 1475 et
699 1438 749 1475 dixi:
764 1451 816 1477 nunc
831 1453 879 1478 vero

107 1503 212 1541 dabiturne
227 1502 254 1540 eis
268 1501 330 1549 locus,
346 1506 380 1540 aut
394 1506 472 1552 tempus
488 1503 599 1551 animabus,
613 1508 721 1554 postquam
735 1505 880 1553 separabantur

106 1582 119 1606 a
137 1568 262 1618 corporibus,
283 1572 306 1604 11
323 1568 414 1606 viderent
432 1568 485 1618 quod
504 1568 571 1605 dixisti
589 1567 648 1605 mihi?
674 1567 719 1606 ²⁶et
737 1571 840 1619 respondit
860 1576 880 1609 et

107 1635 157 1672 dixit
172 1634 252 1671 adme:
275 1637 351 1682 septem
365 1637 411 1670 sunt
426 1633 467 1671 dies
481 1632 579 1671 libertatis
594 1646 668 1681 earum,
682 1635 703 1672 in
719 1635 788 1683 quibus
803 1642 880 1685 septem

107 1699 175 1738 diebus
189 1699 257 1737 rident
271 1699 333 1736 verba
346 1697 387 1745 illa,
403 1710 453 1747 quae
469 1698 522 1736 dicta
536 1703 596 1736 antea
605 1699 691 1747 fuerunt,
706 1704 726 1737 et
739 1706 810 1750 postea
825 1702 880 1740 colli-

106 1768 177 1814 gentur
191 1764 212 1801 in
226 1763 364 1814 promptuaria
377 1775 418 1800 sna.

166 1829 218 1867 77Ε1
232 1828 325 1877 respondi
340 1832 360 1865 et
375 1827 426 1865 dixi:
440 1828 457 1866 si
471 1827 537 1867 inveni
552 1831 638 1880 gratiam
652 1831 673 1868 in
684 1830 746 1870 oculis
756 1831 800 1879 tuis,
814 1832 881 1871 indica

108 1895 156 1932 mihi
170 1907 227 1933 servo
242 1900 277 1931 tuo
292 1894 364 1931 iterum
378 1893 439 1931 etiam
453 1894 501 1932 hoc:
516 1907 564 1933 num
577 1896 598 1933 in
614 1896 645 1934 die
654 1897 721 1935 iudicii
731 1903 826 1948 poterunt
835 1899 881 1937 iusti

108 1960 232 2010 interrogare
246 1960 326 2010 impios,
347 1964 381 1996 aut
396 1958 499 2009 deprecari
513 1972 551 2010 pro
567 1962 595 1999 eis
609 1961 743 2011 Altissimum,
764 1968 798 2001 aut
812 1970 881 2014 patres

109 2211 148 2242 sine
160 2211 279 2253 trepidatione
291 2212 385 2253 laetentur,
397 2212 501 2246 festinantes
514 2214 583 2246 vultum
596 2216 634 2247 eius
646 2215 712 2258 videre,
727 2218 755 2250 cni
764 2219 837 2251 sedulae
846 2229 881 2252 ser-

109 2258 171 2289 vitutis
184 2258 270 2300 obsequia
282 2259 387 2302 detulerunt,
401 2260 423 2292 de
436 2271 471 2303 quo
479 2262 564 2294 innoxiae
573 2262 692 2296 conscientiae
700 2266 824 2299 recordatione
832 2277 882 2309 prae-

109 2308 179 2336 sumant
196 2305 294 2345 gloriosam
312 2308 413 2339 mercedem
431 2309 498 2340 laboris
517 2309 587 2350 exigui,
608 2320 662 2351 quam
678 2311 784 2354 incipientes
802 2314 882 2356 recipere

109 2356 230 2392 cognoverunt
242 2353 325 2395 indignas
338 2364 377 2386 esse
389 2355 441 2387 huius
453 2356 538 2397 temporis
550 2356 649 2399 passiones,
662 2359 725 2400 quibus
734 2362 882 2394 remunerationis

109 2403 192 2430 aeternae
204 2398 263 2439 gloria
275 2405 324 2433 tanta
335 2401 422 2434 referatur
434 2402 463 2443 (cf.
476 2401 528 2434 Rom.
542 2405 558 2444 8,
572 2404 613 2445 18.).
632 2405 662 2437 hic
674 2406 724 2447 ordo,
736 2407 804 2449 inquit,
817 2409 882 2441 anima·

109 2454 156 2485 rum,
172 2454 218 2487 quae
230 2450 272 2478 sunt
283 2448 378 2488 iustorum,
395 2459 439 2491 quas
455 2449 508 2482 etiam
520 2450 630 2483 immortales
643 2462 679 2485 nou
692 2454 781 2487 dubitavit
792 2455 851 2488 dicere
863 2456 882 2487 in

109 2492 172 2534 quinto
185 2492 253 2533 ordine,
266 2503 287 2526 eo
301 2496 349 2537 quod
361 2497 443 2538 spatium,
456 2497 520 2539 inquit,
534 2498 623 2540 incipiunt
634 2500 715 2542 recipere
726 2501 806 2534 fruentes
820 2506 837 2535 11
849 2503 882 2535 im·

109 2538 198 2572 mortales.
211 2539 256 2572 haec
269 2545 301 2581 est,
313 2543 377 2585 inquit,
389 2544 461 2585 requies
473 2541 572 2577 animarum
584 2556 616 2588 per
628 2551 696 2589 septem
706 2548 778 2582 ordines
787 2553 805 2582 et
812 2549 883 2583 futurae

109 2587 178 2627 gloriae
190 2587 248 2628 prima
260 2588 365 2631 perfunctio,
378 2591 481 2633 prinsquam
493 2592 512 2623 in
524 2593 560 2624 suis
572 2592 713 2628 habitationibus
726 2597 797 2638 quietae
808 2606 882 2639 congre-

45 2667 53 2670 ,
109 2635 187 2675 gationis
199 2643 271 2667 munere
283 2635 402 2677 perfruantur.
419 2638 466 2670 unde
478 2639 504 2670 ait
515 2640 603 2682 propheta
615 2642 639 2674 ad
651 2643 742 2684 angelum:
757 2653 798 2685 ergo
812 2644 883 2677 dabitur

109 2684 178 2724 tempus
190 2681 290 2723 1111111111,
305 2688 401 2726 postquam
417 2690 509 2728 separatae
520 2686 587 2719 inerint
599 2688 621 2720 de
635 2699 718 2731 corpore,
734 2691 847 2733 1111111111,
860 2692 882 2724 de

110 2738 145 2770 quo
163 2729 216 2762 modo
233 2729 305 2762 dixisti?
324 2735 342 2763 et
354 2731 400 2764 dixit
411 2733 493 2775 angelus:
513 2738 581 2776 septem
594 2735 632 2768 dles
645 2737 678 2768 erit
689 2738 763 2770 libertas
776 2743 883 2780 earum„ut

110 2775 182 2809 videant
193 2777 213 2808 in
225 2780 292 2819 septem
305 2777 367 2810 diebus
381 2780 412 2821 qui
423 2780 511 2823 praedicti
523 2786 563 2814 sunt
576 2792 673 2825 sermones,
686 2789 703 2817 et
715 2789 777 2827 postea
786 2795 882 2829 congrega-

109 2822 173 2855 buntur
185 2824 204 2856 in
217 2823 321 2858 habitaculis
335 2826 376 2857 suis.
