1982 3190
446 167 548 206 Praefatio

114 275 210 331 scriptus
225 280 247 318 et
261 290 320 317 nunc
336 274 435 331 signatus
451 280 484 317 est
499 273 547 316 cod.
563 289 595 330 gr.
611 274 677 316 theol.
695 275 714 316 7.
733 275 767 319 bis
782 275 887 319 subsidiis

114 344 196 388 criticis
211 350 237 387 11
251 359 291 400 par
307 349 353 386 erat
368 357 420 387 usus
435 348 520 385 textum
537 342 627 386 exhibui
642 344 818 388 emendatiorem,

171 413 284 469 Esdras,
309 412 463 457 celeberrimus
487 412 622 456 Iudaeorum
647 412 748 456 sacerdos
772 420 794 457 et
815 414 888 458 scriba

115 482 279 541 (γραμματεύς),
294 483 333 539 qui
347 488 453 540 regnante
468 482 593 525 Artaxerxe
607 481 755 539 Longimano,
770 482 888 526 Persarum

115 568 174 609 rege,
191 552 280 594 errulum
295 552 403 595 coloniam
418 551 533 609 Babylone
546 551 702 608 Hierosolyma
713 551 812 607 deduxit,
827 557 889 594 tanta.

116 622 174 679 apud
184 627 286 678 posteros
295 621 370 664 floruit
379 622 518 675 auctoritate,
528 627 553 663 ut
562 626 686 678 temporum
697 621 791 665 decursu
801 621 889 664 nomine

117 692 163 734 eius
187 691 287 733 nonnulli
311 690 362 733 libri
386 691 586 745 conscriberentur,
616 705 659 746 quo
689 690 793 733 maiorem
822 689 889 733 fidem

115 760 222 804 haberent
240 766 306 816 atque
325 760 461 817 dignitatem.
483 760 541 802 iuter
559 759 599 802 lros
619 760 761 817 praecipuum
780 759 889 816 quendam

116 829 189 872 locum
206 830 225 873 is
244 829 285 872 sibi
303 829 415 884 vendicat,
434 845 499 885 quern
519 828 610 872 ecclesia
627 828 695 871 latina
709 829 789 872 librum
804 828 890 873 Esdrae

118 905 221 955 quartum
231 898 304 941 dicere
314 899 418 953 assuerit,
429 913 478 941 cum
486 898 537 941 libri
544 897 629 941 Esdrae
637 904 659 941 et
665 897 783 941 Nebemiae
792 899 890 941 canonici

119 969 164 1012 duo
178 969 263 1025 priores
273 968 359 1011 Esdrae
369 967 501 1022 dicerentur,
515 967 571 1010 liber
580 982 632 1010 vero
642 967 729 1011 Esdrae
739 983 816 1025 graece
826 968 890 1012 nobis

119 1045 218 1082 servatus
236 1037 315 1081 tertius
332 1036 457 1079 haberetur.
477 1036 504 1079 de
519 1036 566 1079 aliis
580 1036 631 1079 libri
645 1037 826 1093 inscriptionibus
840 1037 891 1080 vide

118 1122 174 1164 quae
185 1106 313 1164 Hilgenfeld
329 1105 434 1163 (Messias
444 1105 578 1148 Iudaeorum
586 1122 609 1162 p.
620 1105 712 1148 XVIII.
723 1107 762 1162 ss.)
773 1107 890 1164 congessit.

118 1190 196 1234 graece
210 1176 261 1219 libri
276 1175 364 1218 titulum
382 1174 521 1233 Ἀποκάλυψις
534 1174 619 1231 Ἔσὸρα
633 1175 702 1220 fuisse
717 1175 829 1232 existimo,
846 1191 891 1219 non

113 1246 194 1303 Ἕζρας
209 1244 220 1292 ὁ
234 1243 349 1303 προφήτης,
365 1251 391 1287 ut
405 1244 534 1302 Hilgenfeld
549 1244 591 1287 sibi
605 1246 720 1301 persuasit.

177 1314 246 1357 Liber
262 1315 286 1357 11
303 1314 382 1358 Bibliis
401 1314 475 1358 latinis
494 1314 589 1357 sedecim
609 1319 695 1357 constat
714 1314 834 1371 capitibus,
852 1315 892 1359 sed
954 1338 955 1341 ¹

121 1384 164 1428 duo
185 1385 258 1441 capita
274 1385 349 1441 priora
367 1389 389 1426 et
408 1383 451 1426 duo
471 1384 594 1440 posteriora
611 1383 668 1425 male
686 1398 733 1427 esse
752 1383 827 1426 addita.
844 1390 892 1426 tum

120 1461 205 1497 veteres
220 1454 332 1496 versiones
348 1453 474 1507 orientales,
491 1453 515 1494 in
530 1452 609 1508 quibus
625 1451 714 1508 desunt,
733 1458 755 1495 et
768 1468 813 1496 non
827 1453 892 1509 pauci

121 1523 208 1566 codices
223 1523 286 1565 latini
301 1522 432 1565 documento
448 1527 505 1576 simt,
520 1522 544 1564 in
559 1521 639 1577 quibus
654 1521 702 1564 aliis
716 1521 771 1566 locis
781 1521 892 1579 leguntur,
956 1545 958 1551 ι

121 1599 167 1635 tum
186 1608 213 1634 ex
231 1591 317 1635 diversa
336 1607 411 1634 eorum
428 1590 502 1633 indole
521 1590 660 1647 perspicitur.
680 1590 708 1633 de
722 1590 756 1635 his
770 1591 839 1648 igitur
854 1590 893 1634 ad-

122 1662 248 1705 ditamentis
263 1661 321 1704 infra
336 1660 460 1704 dicendum.

178 1731 264 1773 Auctor
285 1730 335 1773 libri
357 1729 427 1773 nostri
449 1730 527 1787 procul
550 1729 617 1773 dnbio
635 1744 713 1787 graece
732 1730 831 1786 scripsit,
854 1730 894 1773 sed

120 1807 195 1843 tentus
213 1814 305 1857 graecus
325 1798 411 1842 duobus
430 1798 559 1855 fragmentis
578 1799 675 1856 exceptis
695 1799 802 1857 disperiit.
818 1815 894 1857 super-

122 1876 173 1914 sunt
190 1884 242 1912 vere
262 1868 336 1924 plures
355 1868 466 1911 versiones
485 1874 581 1923 veteres,
601 1883 693 1925 quarum
710 1868 778 1911 latina
797 1875 818 1911 et
838 1869 894 1912 anti-

123 1939 206 1995 quitate
225 1943 246 1980 et
260 1938 304 1980 fide
318 1938 414 1993 reliquas
430 1953 504 1980 omnes
520 1937 635 1980 antecedit.
655 1953 787 1994 quamquam
802 1938 857 1981 liber
871 1939 894 1980 iu

123 2008 213 2051 ecclesia
227 2007 296 2049 latina
310 2023 323 2049 1
338 2006 470 2062 quibusdam
485 2006 538 2048 viris
551 2006 630 2061 doctis,
645 2008 738 2050 maxime
749 2007 894 2064 Hieronymo,

122 2092 204 2133 susque
222 2076 293 2132 deque
313 2076 446 2130 habebatur,
467 2075 518 2117 inde
542 2075 568 2118 ab
590 2075 714 2131 Ambrosii,
737 2077 895 2134 archiepiscopi

123 2146 303 2199 Mediolanensis,
313 2145 449 2203 temporibus
456 2160 526 2201 usque
534 2144 563 2186 ad
573 2145 683 2188 saeculum
693 2145 801 2189 decimum
809 2152 896 2189 sertum

123 2231 203 2273 magna
216 2222 289 2258 tamen
298 2214 368 2257 valuit
378 2214 516 2268 auctoritate,
533 2229 577 2270 quo
587 2215 669 2257 facturn
681 2221 721 2269 151,
737 2220 763 2257 ut
772 2216 807 2257 vel
816 2215 896 2259 Bibliis

123 2285 196 2328 latinis
220 2284 364 2336 insereretur3
392 2284 419 2326 ab
444 2284 492 2327 aliis
517 2299 569 2327 sane
593 2284 707 2342 neglectus
730 2290 773 2339 est,
798 2300 849 2327 nam
873 2285 896 2328 in

123 2355 197 2397 multis
207 2354 269 2396 libris
279 2352 434 2410 manuscriptis
443 2368 489 2395 non
503 2353 590 2411 legitur.
606 2369 656 2397 cum
670 2354 693 2395 11
703 2353 791 2397 Pfisteri
801 2353 896 2398 editione

123 2424 247 2466 Bibliorum
268 2422 386 2465 latinorum
403 2422 573 2480 Bambergensi,
596 2438 652 2479 quae
673 2438 743 2479 neque
760 2424 803 2466 loci
825 2439 897 2480 neque

124 2493 174 2535 anni
199 2491 275 2534 addita
296 2491 409 2535 notatione
433 2492 526 2548 prodiit,
552 2508 608 2535 anno
632 2493 694 2535 lete.
719 2493 814 2549 primum
836 2493 896 2550 typis

125 2577 217 2605 excusus
236 2568 302 2615 esset,
322 2561 410 2604 Pfisteri
429 2561 554 2618 exemplum
569 2562 638 2604 secuti
652 2563 786 2618 posteriores
802 2561 897 2606 editores

123 2632 202 2674 Bibliis
221 2631 266 2674 suis
284 2631 364 2674 librum
383 2631 529 2673 inseruerunt.
549 2637 634 2686 tentus,
650 2646 715 2687 quem
733 2631 783 2688 plus
798 2633 897 2676 minusve

125 2706 227 2758 corrupte
245 2699 361 2757 praebent,
379 2700 482 2758 vulgatus
501 2700 544 2743 dici
562 2706 642 2758 potest.
664 2701 683 2745 is
707 2716 756 2744 cum
779 2701 898 2744 admodum

124 2771 216 2814 vitiosus
235 2776 292 2814 esset
311 2776 332 2812 et
350 2769 423 2812 multis
442 2770 527 2813 mendis
549 2771 690 2827 inquinatus,
713 2771 756 2813 iam
778 2772 897 2827 praeterito

126 2840 211 2883 saeculo
233 2839 259 2882 de
279 2855 303 2882 eo
323 2838 458 2882 emendando
477 2839 495 2881 1.
514 2839 565 2882 Alb.
582 2840 697 2882 Fabricius
714 2839 801 2895 (Codex
817 2840 898 2898 pseud-
