1982 3190
167 160 208 203 102
265 185 266 188 =
329 164 330 167 ’
433 163 566 214 Apocalypsis
581 163 667 202 Baruchi
686 162 783 211 XXXIX,
799 162 905 210 7-xuss,
921 164 940 201 4,

168 272 282 323 confugient
300 272 407 323 adipsum
425 285 493 311 omnes
511 273 544 323 qui
558 272 657 323 inquinati
671 277 716 310 sunt
730 273 751 310 in
765 274 875 324 iniquitate,
890 273 940 310 sicut

169 338 284 388 confugiunt
301 338 378 376 bestiae
395 337 459 377 malae
479 344 498 377 et
516 339 625 389 subrepunt
641 339 662 376 in
680 338 755 377 silvam.
785 338 820 377 ⁷et
835 340 879 387 erit,
898 351 941 376 cum

169 404 360 455 appropinquaverit
373 409 450 455 tempus
465 405 510 443 finis
525 405 566 443 eius
581 410 602 442 ut
617 405 682 455 cadat,
697 410 744 443 tunc
758 405 878 444 revelabitur
887 406 942 455 prin-

171 470 248 519 cipatus
263 470 348 508 Messiae
362 470 406 518 mci,
422 471 455 521 qui
470 471 538 510 similis
554 476 584 509 est
598 471 650 509 fonti
665 477 684 509 ct
699 470 740 518 viti,
755 476 775 509 et
790 484 833 509 curn
843 471 942 510 revelatus

169 535 234 584 fuerit,
250 537 359 575 eradicabit
373 536 518 576 multitudinem
533 538 692 589 congregationis
708 537 753 576 eius,
778 537 811 575 8et
825 537 875 575 illud
890 537 943 587 quod

169 601 245 649 vidisti,
261 603 341 641 cedrum
356 603 460 651 excelsam,
476 616 527 655 quae
541 604 612 642 relicta
627 609 657 642 est
672 604 697 642 de
710 603 746 641 illa
760 604 816 651 silva,
831 608 851 641 et
866 603 943 640 dehoc

170 668 225 718 quod
240 680 284 706 cum
299 682 323 707 ea
337 669 404 708 locuta
420 675 449 707 est
464 671 509 709 vitis
523 671 584 708 verba
599 683 651 721 quae
666 670 744 718 audisti,
758 671 797 708 hoc
812 675 841 707 est
855 669 942 707 verbum.

169 727 221 774 XL·
253 738 300 776 dux
315 739 404 786 ultimus,
429 740 462 789 qui
484 745 531 777 tunc
552 740 639 791 reliquus
662 741 699 778 erit
723 740 788 788 vivus,
813 751 856 777 oum
877 744 944 776 vasta-

170 805 244 842 buntur
261 804 365 843 multitudo
384 806 560 857 congregationum
578 807 628 854 eius,
647 811 666 844 et
685 806 790 854 vincietur,
808 811 828 843 et
846 804 944 842 adducent

172 883 215 908 cum
231 876 392 921 supermontem
408 869 462 919 Sion,
477 878 497 911 et
512 872 664 923 bipes-siasmeus
672 880 757 928 'hargpet
765 885 808 926 cum
819 871 844 910 de
855 870 944 909 omnibus

171 937 306 987 impietatibus
324 937 374 986 eius,
392 944 411 976 et
431 938 510 989 colliget
529 943 548 977 et
566 942 640 976 statuet
657 938 678 976 in
697 925 804 989 conspectu
823 938 863 976 eius
879 937 945 974 omnia

172 1016 235 1053 opera
257 1008 381 1042 catervarum
399 1004 445 1042 eius.
475 1003 509 1042 2et
525 1011 597 1055 postca
614 1004 719 1043 interficiet
739 1018 793 1051 eum,
815 1009 834 1041 et
853 1008 946 1053 proteget

148 1104 151 1107 ,
171 1068 269 1119 reliquum
285 1069 382 1120 populum
400 1083 465 1108 meum
485 1071 517 1120 qui
536 1070 646 1121 reperietur
660 1071 680 1108 iu
695 1071 740 1109 loco
756 1083 814 1121 quem
829 1069 885 1119 elegi.
912 1067 946 1106 ³et

173 1135 210 1173 erit
225 1135 347 1186 principatus
362 1136 403 1174 eius
417 1142 472 1175 stans
487 1137 508 1175 in
523 1128 629 1183 sacculum,
644 1137 707 1175 donec
720 1135 799 1173 finiatur
809 1135 892 1173 mundus
903 1147 945 1172 cor-

173 1201 277 1251 ruptionis,
292 1207 312 1239 et
328 1202 391 1241 donec
404 1203 525 1253 impleantur
539 1207 631 1253 tempora
645 1201 754 1253 praedicta.
773 1200 836 1240 4haec
852 1206 881 1239 est
895 1201 945 1238 visio

174 1274 208 1305 tua
223 1273 243 1305 et
258 1267 308 1305 haec
323 1274 353 1306 est
366 1269 506 1319 interpretatio
522 1269 569 1307 eius.

231 1420 298 1468 XLI.
327 1430 355 1469 Et
369 1431 462 1481 respondi
478 1437 498 1470 ct
513 1431 563 1470 dixi:
578 1432 655 1469 cuinam
670 1436 690 1467 et
704 1435 753 1480 quot
768 1436 825 1467 erunt
838 1429 888 1467 ista?
914 1434 948 1466 urit
964 1481 966 1483 q

176 1497 266 1547 quisnam
285 1497 355 1548 dignus
374 1497 411 1534 erit
431 1498 496 1535 tu'vere
510 1497 545 1535 illo
561 1495 663 1547 tempore?
686 1494 771 1546 210quar
786 1501 852 1533 autem
866 1496 887 1533 in
902 1508 948 1533 con-

175 1568 244 1613 spectu
259 1568 294 1600 tuo
310 1576 368 1601 omne
383 1563 437 1613 'quod
452 1565 525 1615 cogito,
541 1569 561 1601 et
574 1568 641 1613 petam
657 1566 704 1600 ate
719 1562 743 1599 de
757 1561 781 1599 iis
796 1574 847 1613 (pirae
857 1561 948 1600 meditor.

177 1628 237 1680 ³quia
252 1641 297 1667 ecce
311 1629 369 1667 video
379 1628 453 1667 multos
463 1642 489 1667 ex
498 1630 573 1680 populo
583 1634 624 1675 tuo,
641 1629 673 1679 qui
682 1633 806 1666 recesserunt
816 1642 828 1665 a
838 1628 948 1677 sponsioni-

175 1695 211 1733 bus
227 1695 271 1741 tuis,
287 1700 307 1733 et
321 1694 447 1745 proiecerunt
462 1708 475 1733 a
484 1708 506 1734 se
515 1697 582 1747 iugum
591 1695 642 1745 legis
652 1699 704 1731 tuae.
726 1692 792 1731 4alios
803 1699 868 1732 autem
877 1694 948 1732 iterum

175 1761 216 1800 vidi
231 1760 265 1812 qui
279 1760 401 1811 reliquerunt
415 1762 524 1800 vanitatem
538 1774 594 1800 suam
610 1766 630 1799 et
645 1761 775 1811 confugerunt
790 1761 825 1799 sub
841 1761 883 1799 alas
898 1763 949 1798 tuas.

178 1827 240 1878 ⁵quid
259 1840 306 1877 ergo
325 1828 363 1865 erit
380 1826 436 1865 istis?
462 1834 496 1866 aut
515 1828 615 1879 quomodo
634 1827 716 1877 recipiet
734 1840 768 1866 eos
785 1827 851 1877 ipsum
872 1833 949 1877 tempus

176 1892 311 1944 postremum?
343 1892 382 1931 θαι]
399 1893 452 1932 forte
467 1907 576 1945 appensum
590 1894 713 1943 appendetur
728 1898 805 1943 tempus
820 1894 912 1940 istorum,
930 1897 950 1931 et

177 1959 227 1998 sicut
240 1959 344 1997 inclinabit
358 1960 442 2009 pondus,
456 1960 485 1998 ita
499 1959 649 1999 iudicabuntur?

234 2112 315 2159 ΧῙιῙῙι
344 2123 372 2161 Et
386 2123 490 2174 respondit
505 2129 525 2161 et
540 2123 590 2160 dixit
604 2122 661 2160 mihi:
677 2122 736 2159 etiam
750 2121 789 2160 ista
800 2133 836 2172 ego
848 2121 951 2159 ostendam
976 2109 981 2112 ⁴

178 2189 219 2227 tibi.
249 2187 318 2239 2qu0d
334 2190 407 2237 dixisti,
422 2190 501 2228 cuinam
516 2194 535 2228 et
550 2194 599 2240 quot
615 2194 672 2226 eruut
685 2189 730 2235 ista,
744 2188 768 2225 iis
779 2187 812 2239 qui
827 2187 952 2225 crediderunt

179 2255 216 2292 erit
225 2255 299 2292 bonum
309 2257 437 2305 praedictum,
453 2260 472 2294 et
481 2256 505 2294 iis
516 2255 549 2306 qui
560 2258 687 2294 contemnunt
698 2254 735 2292 erit
745 2254 865 2291 contrarium
874 2254 951 2291 horum.

181 2318 214 2359 ³et
229 2321 283 2371 quod
298 2320 366 2358 dixisti
381 2322 406 2359 de
419 2322 443 2360 iis
459 2322 492 2373 qui
507 2322 718 2372 appropinquaverunt
733 2324 752 2358 et
767 2320 791 2358 dc
805 2320 829 2357 iis
844 2320 879 2370 qui
888 2331 951 2357 reces-

156 2403 158 2408 *
179 2391 253 2433 serunt,
267 2387 305 2424 hoc
321 2391 350 2424 est
364 2388 451 2426 verbum.
474 2387 517 2426 4illi
532 2388 566 2439 qui
581 2392 641 2426 antea
655 2386 738 2424 subiecti
752 2387 836 2434 fuerunt,
852 2390 872 2424 et
881 2389 952 2435 postea

178 2457 303 2492 recesserunt
322 2457 342 2491 et
360 2466 381 2491 se
400 2454 564 2493 commiscuerunt
583 2453 652 2492 semini
670 2453 789 2503 populorum
807 2452 952 2502 permistorum,

207 2694 211 2700 '
230 2698 245 2728 7.
255 2696 374 2738 principatus,
388 2697 445 2729 codex
465 2688 558 2740 tultam.

228 2774 265 2821 XL,
279 2775 295 2809 1.
308 2777 466 2819 congregationum
481 2777 525 2817 cius,
538 2776 594 2808 codex
607 2762 699 2822 Gladio}
721 2794 743 2799 -
757 2777 773 2807 3.
787 2774 896 2817 principatus
911 2776 954 2816 eius,

180 2856 237 2889 codex
257 2847 335 2900 mitam.
