1982 3190
54 198 81 246 II,
97 198 159 237 4-9.
173 198 211 247 HI,
227 199 288 239 1-6,
327 199 441 249 Assumptio
456 199 549 250 Moyseos
636 229 637 232 η
782 198 823 240 137

55 308 147 360 tyrannis
161 320 198 358 per
213 320 275 346 annos
289 307 366 355 XVIII,
382 313 401 346 et
415 307 496 347 XVIIII
510 319 573 345 annos
589 308 706 359 abrumpent
721 308 784 346 tribus
798 307 824 355 X,

55 387 103 411 nam
113 374 231 412 descendent
241 374 303 412 tribus
314 374 363 412 duae
379 379 398 412 et
411 374 532 413 transferent
546 386 625 413 scenam
635 374 748 413 testimonii.
763 372 825 412 4tunc

56 439 112 478 Deus
131 441 219 479 caelestis
237 441 297 478 faciet
315 440 382 490 palum
399 452 470 478 scenae
485 452 532 478 suae
547 445 566 478 et
580 441 653 478 ferrum
668 441 775 480 sanctuarii
790 440 825 488 sui,

58 510 78 544 et
94 508 193 557 ponentur
211 507 262 545 duae
276 507 338 544 tribus
353 507 473 553 sanctitatis,
489 504 547 543 ⁵nam
562 506 582 543 X
597 507 659 545 tribus
673 508 774 546 stabilient
788 508 826 545 sibi

57 585 113 611 secus
124 573 258 611 ordinationes
268 584 313 610 suas
322 584 390 622 regna,
407 570 440 609 <iet
449 572 540 610 adferent
549 572 638 611 uictimas
651 586 687 623 per
698 587 760 614 anuos
770 574 816 613 XX.
820 589 826 622 3

59 637 93 676 ⁷et
107 638 147 676 VH
162 638 338 677 circumvallabunt
352 650 424 685 muros,
439 643 459 675 et
469 638 575 676 circumibo
585 638 646 676 VIIII
661 644 681 677 et
694 640 791 678 adcedcnt
800 640 826 678 ad

59 709 198 743 testamentum
212 704 303 752 Domini,
322 709 342 742 et
359 705 418 742 finem
432 704 522 754 polluent
537 717 594 754 quem
609 705 656 742 fecit
669 705 768 744 Dominus
783 720 826 744 cum

59 771 95 809 eis:
112 769 145 808 δεῖ
159 769 289 808 immolabunt
303 774 361 808 natos
376 782 421 808 suos
437 770 473 808 diis
489 770 563 817 alienis,
579 775 598 807 et
608 775 682 820 ponent
691 771 746 809 idola
756 784 828 811 scenae

59 836 166 875 servientes
185 836 233 882 illis,
254 834 287 873 ⁹et
303 836 325 873 in
342 836 400 873 domo
416 835 498 873 Domini
512 835 585 873 facient
600 835 688 882 sceleste,
704 841 724 874 et
738 837 828 887 sculpent

59 902 146 940 omnium
161 901 274 940 animalium
288 901 343 939 idola
357 901 425 938 multa.

117 1031 166 1078 ῙῙῙ.
188 1041 231 1091 [Et]
246 1041 285 1079 illis
300 1040 421 1091 temporibus
435 1039 502 1077 veniet
515 1038 554 1078 illis
567 1039 592 1077 ab
603 1040 679 1078 oriente
689 1053 731 1088 rex,
747 1045 766 1078 et
776 1046 830 1092 teget

57 1108 159 1158 'equitatus
177 1112 251 1145 terram
266 1119 342 1154 eorum,
360 1104 395 1144 Ξεῑ
412 1105 504 1143 incendet
523 1105 622 1143 coloniam
640 1118 708 1143 eorum
725 1106 771 1157 igne
786 1120 830 1145 cum

61 1174 111 1212 aede
121 1179 190 1212 sancta
200 1172 287 1221 Domini,
301 1177 320 1210 et
330 1177 399 1211 sancta
408 1183 457 1211 vasa
466 1171 533 1209 omnia
543 1171 605 1218 tollet,
623 1170 655 1208 3εῒ
666 1184 744 1209 omnem
753 1172 831 1222 plebem

63 1241 129 1287 eiciet,
148 1245 168 1277 et
182 1238 239 1276 ducet
253 1238 298 1276 illos
312 1238 333 1275 in
348 1243 421 1276 terram
435 1237 514 1287 patriae
527 1249 582 1285 suae,
597 1240 617 1274 et
632 1237 681 1275 duas
695 1238 758 1276 tribus
774 1239 832 1276 ducet

63 1319 134 1344 secum.
164 1304 225 1342 4tunc
241 1304 361 1342 invocabunt
379 1304 430 1341 duae
447 1304 508 1341 tribus
526 1303 547 1340 X
560 1303 632 1350 tribus,
651 1308 671 1340 et
688 1303 760 1341 ducent
774 1316 796 1342 se
810 1309 832 1341 ut

62 1372 133 1410 leaena
151 1371 172 1408 in
190 1370 264 1420 campis
282 1369 390 1420 pulveratis
409 1369 516 1407 esurientes
532 1373 551 1406 et
564 1368 652 1406 sitientes
668 1381 711 1406 cum
725 1369 833 1407 infantibus

63 1439 143 1484 nostris,
158 1436 193 1475 ⁵et
207 1436 328 1474 clamabunt:
342 1436 404 1474 iustus
419 1438 440 1472 et
454 1438 533 1471 sanctus
547 1432 654 1481 Dominus,
670 1436 717 1484 quia
732 1435 783 1472 enim
797 1447 833 1473 vos

64 1503 167 1555 peccastis,
183 1506 202 1540 et
217 1513 253 1539 uos
267 1501 343 1550 pariter
354 1500 433 1539 abducti
443 1512 509 1538 sumus
520 1499 626 1537 vobiscum.
658 1498 717 1537 6tunc
726 1499 834 1549 plorabunt

65 1653 271 1661 Μ-

113 1780 221 1820 abrumpent,
233 1777 311 1819 Hilgenf.
323 1777 404 1816 Volkm.;
417 1777 547 1819 abrumpentes,
560 1777 622 1817 Merx3
636 1777 684 1810 eod:
698 1778 803 1821 abrumpens
812 1797 835 1803 ——

67 1826 115 1858 cod:
124 1827 154 1857 tib·
163 1825 187 1857 X·
194 1844 217 1849 -
224 1823 337 1869 descendent]
342 1825 437 1865 discedent,
444 1824 495 1856 Metu
502 1842 525 1847 -
532 1823 583 1868 duae]
589 1825 688 1866 duodecim,
694 1825 746 1857 Merx
751 1844 773 1849 —-
780 1831 837 1859 trans-

67 1873 130 1914 ferent,
142 1872 221 1913 Hilgeuf.
230 1873 263 1913 al3
278 1873 326 1905 cod:
339 1872 448 1904 transferunt
456 1891 479 1896 —
491 1881 562 1904 scenam
570 1872 674 1912 testimonii,
686 1872 772 1914 Hilgenf.3
788 1874 836 1906 cod:

68 1929 131 1952 scenae
139 1920 259 1952 testimouium
272 1938 295 1943 -
307 1920 323 1951 4.
331 1920 361 1951 hie
370 1928 431 1951 versus
440 1920 488 1951 viros
497 1919 559 1951 doctos
568 1919 619 1951 ualde
628 1920 685 1959 torsit,
698 1930 730 1952 uec
742 1921 836 1953 immerito.

68 1968 142 2009 scriptor
156 1968 205 1999 haud
221 1967 273 2000 dubie
289 1966 324 1999 hoc
342 1966 375 1999 sibi
387 1967 432 1998 vult:
446 1972 483 1998 tum
494 1967 536 1998 loco
548 1967 621 1999 mobilis
635 1971 652 1998 et
664 1967 717 1999 exilis
729 1969 838 2001 tabernaculi

68 2015 132 2047 stabile
149 2019 166 2046 et
178 2015 291 2056 magnificum
303 2014 388 2056 templum
401 2017 509 2046 exstructum
521 2014 552 2055 iri,
569 2015 597 2046 cui
610 2015 654 2046 duae
667 2014 723 2047 tribus
737 2015 797 2048 debita
810 2026 837 2049 so-

69 2062 124 2094 luturi
140 2062 179 2095 sint.
196 2062 259 2095 codex:
277 2061 321 2095 fecit
335 2062 400 2104 palam.
413 2071 446 2103 pro
458 2061 502 2093 fecit
514 2072 554 2093 cum
566 2061 680 2103 Hilgenfeldo
694 2063 716 2094 al.
728 2062 783 2096 facies
797 2065 839 2096 seri-

69 2110 147 2142 bendum
165 2120 204 2142 esse
223 2120 245 2142 ex
261 2114 345 2142 contextu
359 2109 473 2152 perspicitur,
492 2109 553 2151 palum
568 2119 611 2141 vero
627 2119 667 2142 mec
684 2110 750 2143 iudicio
766 2110 840 2144 Rdnsch

70 2157 88 2201 (l.
100 2157 112 2189 l.
126 2157 178 2190 1869.
191 2167 207 2199 p.
222 2156 269 2202 225.)
282 2161 330 2190 recte
343 2158 426 2197 correxit,
439 2157 471 2189 sed
483 2157 529 2188 illud
540 2167 577 2189 non
585 2158 640 2199 probo
650 2157 699 2200 quod
706 2158 747 2191 ideo
756 2168 788 2200 pro
797 2158 840 2191 fecit

70 2204 182 2237 scribendum
198 2206 254 2237 suasit
268 2205 316 2247 figet.
335 2206 465 2245 correcfiones,
484 2204 548 2247 quibus
564 2205 596 2237 alii
610 2205 651 2237 loco
669 2206 736 2238 mederi
750 2206 840 2248 volebant,

70 2252 128 2284 sciens
141 2255 158 2283 et
170 2252 232 2284 lubens
243 2257 340 2295 praetereo.
353 2270 376 2276 —-
389 2253 405 2285 6.
415 2256 432 2284 et
441 2253 457 2284 7.
466 2252 547 2294 intellige
555 2252 620 2294 viginti
628 2262 679 2295 reges
688 2254 739 2295 regni
746 2253 807 2287 Indae.
817 2272 840 2277 —

71 2301 87 2331 t.
100 2299 153 2331 Merx
165 2303 205 2331 ante
217 2300 271 2332 finem
284 2300 352 2333 addidit
364 2300 396 2339 IV,
409 2300 441 2332 sed
449 2303 525 2341 quatuor
533 2300 604 2332 ultimos
616 2310 667 2342 reges
675 2305 737 2343 utpote
745 2301 840 2344 Aegyptiis

71 2351 89 2379 et
101 2345 195 2378 Chaldaeis
211 2348 246 2379 iam
262 2348 342 2380 subditos
356 2348 431 2380 omissos
445 2358 483 2379 esse
496 2347 585 2380 credibile.
602 2366 625 2371 —
641 2352 658 2380 et
669 2347 729 2392 finem]
738 2349 769 2381 sed
781 2350 840 2387 finem,

71 2395 100 2426 vel
112 2395 180 2436 potius:
194 2395 225 2426 sed
233 2395 252 2426 in
259 2395 295 2428 fine
302 2395 361 2435 finem,
373 2395 460 2427 Volkmar
468 2414 491 2419 -
499 2393 560 2438 finem]
568 2405 632 2437 graece
640 2392 668 2430 τὸν
678 2391 747 2438 ὃρισμόε
756 2397 841 2438 scriptum

71 2442 126 2474 fuisse
138 2442 174 2473 iam
186 2442 232 2474 vidit
243 2442 357 2485 Hilgenfeld,
369 2443 417 2474 idem
429 2452 471 2474 vero
486 2453 516 2475 cur
529 2453 575 2475 nunc
587 2440 615 2476 rte
629 2438 666 2486 ὅρον
678 2448 746 2476 vertere
758 2445 842 2476 maluerit

73 2490 138 2521 nescio.
151 2488 199 2521 haud
211 2499 295 2531 prospere
307 2500 336 2523 res
346 2491 398 2523 cessit
405 2489 480 2529 Merxio,
495 2490 525 2531 qui
534 2491 607 2533 scripsit
614 2491 667 2523 fidem
676 2501 697 2523 ac
706 2492 747 2525 dem
756 2502 809 2534 quam
819 2510 841 2515 —-

72 2537 88 2569 t).
102 2536 185 2576 omnium,
198 2536 276 2578 Hilgenf.
288 2538 370 2578 Volkm,
384 2537 449 2570 codex:
463 2547 539 2569 omnem.

120 2606 152 2644 ΙΙΙ,
178 2609 194 2638 1.
213 2612 230 2638 et
246 2608 267 2638 ab
284 2608 335 2640 initio
351 2608 412 2641 addidi
425 2618 464 2639 cum
476 2608 579 2649 Volkmarc,
592 2609 611 2640 in
624 2608 685 2640 codice
697 2610 761 2640 lacuna
774 2614 806 2640 est.
820 2626 842 2631 —

74 2654 169 2698 equitatus]
177 2655 262 2696 equitatu,
274 2654 355 2695 Hilgenf.
369 2654 508 2696 Voluntatem,
520 2654 597 2688 fortasse
605 2660 659 2697 recte,
673 2666 780 2698 quamquam
789 2656 843 2687 etiam

73 2703 163 2745 equitatus
175 2702 220 2734 bene
232 2702 291 2734 habet.
305 2720 327 2726 -
346 2705 363 2735 2.
376 2703 440 2735 codex:
454 2703 525 2735 colonia
537 2722 560 2727 —
577 2704 594 2735 3.
607 2703 672 2735 codex:
686 2703 736 2736 ducit
748 2713 808 2735 secum
820 2721 843 2726 —

72 2753 90 2783 4.
104 2751 168 2783 ducent
180 2759 205 2791 se,
218 2750 240 2781 cf.
248 2749 321 2782 Rdnsch
334 2751 345 2781 l.
354 2750 365 2781 l.
376 2751 426 2784 1868.
438 2761 455 2792 p.
465 2751 492 2782 89.
502 2770 524 2775 -
537 2752 605 2792 leaena,
618 2750 720 2792 Hilgenfeld
729 2751 760 2792 al.;
773 2750 844 2791 hienae,

74 2798 171 2839 Vollmer,
185 2798 248 2830 codex:
260 2797 309 2830 liena
318 2816 339 2821 —
349 2799 449 2839 pulveratis,
457 2797 544 2830 Volkmar
552 2798 584 2838 al.;
598 2799 662 2831 codex:
672 2798 767 2840 pulverati3
777 2803 844 2830 temere

75 2846 141 2878 delevit
152 2846 203 2878 Metu
219 2864 241 2870 -
258 2845 312 2877 verba
325 2855 364 2877 cum
377 2845 473 2879 infantibus
486 2847 550 2878 uostris
564 2846 616 2878 ltIerx
629 2846 737 2888 transposuit
750 2849 767 2878 et
779 2847 846 2879 locavit

75 2904 101 2925 rs.
111 2895 127 2927 ὃ.
140 2902 180 2936 post
189 2894 279 2927 vobiscum
292 2910 314 2918 —-
327 2894 343 2926 5.
352 2894 416 2936 scripsi
425 2893 501 2935 abducti,
510 2893 561 2926 Morx
570 2894 649 2933 deductu
663 2893 728 2926 codex:
742 2894 814 2927 adducti
823 2912 845 2918 -
