1982 3190
104 120 605 193 lint-aff,1-7'.³Ap00alypsisssarucht
663 140 687 190 V,
704 141 764 179 1-a
825 140 875 187 >87

105 258 195 303 spectare
209 253 283 290 malum
297 253 366 291 matris
380 265 437 291 meae
451 257 518 302 potest
530 253 596 290 anima
611 266 660 290 mea.
685 250 876 289 41111111ῖ611110-

106 331 156 369 quar
170 319 190 356 in
201 324 306 369 conspeetu
319 324 359 366 tuo,
375 318 465 356 Domine.
486 318 546 369 5quid
562 331 609 369 ergo
625 319 662 356 erit
674 316 788 368 postistal'
797 317 814 355 si
824 317 886 370 eninr

104 381 171 435 perdis
188 386 257 423 urbem
274 390 338 432 tuam,
357 389 376 421 et
393 384 455 422 tradis
473 389 548 423 terram
565 389 620 422 tuam
631 382 749 424 'odientibus
764 395 811 430 nos,
827 395 875 434 quo-

105 451 166 489 modo
184 452 255 489 iterum
273 450 415 489 memorabitur
432 463 505 487 nomen
523 449 598 487 Isradl?
629 449 676 488 ⁶aut
690 450 790 501 quomodo
806 449 876 500 loque-

105 521 137 555 tur
155 518 180 556 de
197 518 288 555 laudibus
307 515 357 553 tuis?
383 520 417 552 aut
435 515 512 553 cuinam
530 515 662 566 explicabitur
679 517 732 567 quod
752 517 815 554 estin
830 516 876 566 lege

105 583 151 621 tua?
171 584 236 621 ⁷anne
250 582 333 620 mundus
348 586 457 619 revertetur
472 581 498 619 ad
512 586 604 619 naturam
618 593 680 629 suam,
696 587 716 620 et
730 582 830 620 saeculum
844 595 875 620 re-

106 650 155 688 dibit
170 650 196 687 ad
210 648 308 687 silentium
323 646 439 698 pristinum?
461 646 495 685 8et
509 647 592 697 recipiet
606 659 628 685 se
642 648 746 686 multitudo
760 648 876 694 animarum,

106 721 125 753 et
140 721 211 753 natura
225 714 326 752 bominum
340 714 411 752 iterum
426 726 467 751 non
477 712 623 751 nominabitur?
640 711 673 750 ⁹et
682 713 762 751 ubinam
773 719 802 751 est
812 714 875 764 quod-

106 794 189 832 cumque
204 781 271 818 dixisti
285 780 350 830 Moysi
365 781 390 818 de
404 779 472 817 nobis?
684 782 685 785 ’

73 991 74 994 ¹
161 933 204 981 IV·
233 943 261 980 Et
275 943 326 982 dixit
341 943 388 980 mibi
402 941 509 980 Dominus:
532 943 579 980 urbs
593 943 632 979 ista
647 942 673 979 ad
688 947 765 992 tempus
780 942 876 990 tradetur,

105 1014 125 1048 et
140 1009 223 1059 populus
239 1008 367 1059 castigabitur
382 1007 509 1058 aliquamdiu,
524 1014 543 1046 et
556 1008 656 1047 saeculum
666 1008 760 1047 oblivioni
770 1021 810 1047 non
821 1009 876 1047 dabi-

105 1080 142 1113 tur.
171 1073 238 1113 ²anne
255 1080 321 1125 putas,
340 1074 393 1124 quod
410 1075 450 1111 ista
467 1074 494 1112 sit
507 1075 563 1122 urbs,
579 1074 603 1112 de
618 1087 658 1125 qua
673 1074 723 1112 dixi:
745 1087 805 1125 super
819 1074 876 1113 volas

105 1154 199 1179 manuum
212 1153 301 1179 mearum
316 1140 411 1190 descripsi
420 1139 453 1177 te?
470 1138 523 1178 311011
536 1140 575 1178 ista
586 1140 698 1178 aedificatio
708 1153 761 1179 nunc
771 1140 876 1179 aedificata

104 1206 125 1244 in
142 1206 206 1244 medio
227 1212 324 1254 vestrum,
340 1206 376 1244 illa
394 1211 423 1244 est
443 1218 494 1257 quae
512 1206 632 1244 revelabitur
650 1206 703 1256 apud
717 1219 758 1254 me,
778 1220 829 1257 quae
844 1207 876 1245 hic

104 1277 225 1322 praeparata
243 1273 280 1310 fuit
295 1285 319 1310 ex
335 1285 374 1322 quo
390 1272 475 1322 cogitavi
489 1278 512 1310 ut
526 1271 613 1309 facerem
627 1272 748 1322 paradisum,
763 1278 783 1311 et
798 1273 875 1311 ostendi

104 1351 148 1376 eam
170 1338 249 1376 Adamo
271 1338 386 1388 priusquam
407 1343 509 1388 peccaret,
531 1350 575 1376 cum
595 1351 643 1376 vero
663 1339 735 1376 abiecit
754 1339 875 1388 mandatum,

104 1404 182 1442 sublata
201 1409 230 1443 est
248 1404 273 1441 ab
292 1417 325 1452 eo,
344 1409 366 1442 ut
384 1403 444 1442 etiam
461 1404 570 1454 paradisus.
600 1402 634 1441 46ῖ
651 1410 722 1453 postea
740 1405 817 1443 ostendi
832 1418 876 1444 eam

104 1482 162 1508 servo
177 1483 221 1509 meo
232 1470 347 1508 Abrahamo
362 1474 422 1507 noctu
432 1470 484 1508 iuter
494 1470 599 1508 divisiones
609 1471 738 1508 uictimarum.
760 1470 794 1509 ⁵et
803 1471 876 1509 iterum

105 1536 165 1574 etiam
179 1536 244 1585 Moysi
259 1535 337 1574 ostendi
352 1548 395 1573 eam
409 1536 430 1573 11
445 1541 512 1574 monte
522 1534 583 1583 Sinai,
599 1535 678 1586 quando
689 1537 767 1574 ostendi
777 1537 875 1589 611111111-

104 1614 149 1639 nem
164 1602 285 1640 tabernaculi
301 1608 320 1640 et
336 1601 402 1639 omnia
416 1614 465 1640 vasa
480 1602 527 1640 eius.
558 1600 656 1640 66ῖ11110
671 1614 716 1640 ecee
732 1601 830 1640 custodita
845 1608 875 1641 est

104 1668 157 1717 apud
174 1680 214 1715 me,
231 1668 281 1705 sicut
299 1672 319 1704 et
336 1666 445 1717 paradisus.
475 1665 518 1704 ⁷ito
541 1679 588 1717 ergo
612 1672 632 1705 et
653 1667 686 1705 fae
708 1667 875 1717 quemadmodum

104 1733 205 1783 praecipio
220 1733 261 1771 tibi.

159 1884 190 1931 V.
220 1894 247 1932 Et
261 1895 354 1945 respondi
370 1900 389 1933 et
404 1896 454 1934 dixi:
469 1895 556 1934 futurum
571 1901 601 1933 est
616 1907 663 1945 ergo
678 1900 701 1933 ut
715 1898 842 1935 succumbam
854 1898 876 1936 11

104 1958 170 2009 Sione,
185 1961 232 2011 quia
244 1961 323 1999 venient
332 1961 406 2000 inimici
415 1962 445 2000 tui
459 1961 486 1999 ad
498 1962 559 1999 istum
567 1960 639 2008 locum,
655 1966 675 1999 et
684 1961 774 2012 polluent
784 1969 875 2002 sanctua-

103 2027 153 2065 rium
168 2032 231 2074 tuum,
249 2028 303 2064 etin
318 2027 454 2077 captivitatem
468 2028 567 2065 abducent
581 2028 711 2066 hereditatem
725 2033 790 2076 tuam,
806 2035 826 2067 et
841 2030 875 2068 do-

103 2093 229 2131 minabuntur
248 2106 316 2131 eorum
334 2105 384 2144 quos
402 2093 498 2140 dilexisti,
518 2098 537 2131 et
556 2093 638 2131 abibunt
652 2094 724 2132 iterum
738 2095 759 2132 iu
773 2095 876 2146 regionem

103 2158 202 2196 idolorum
217 2171 303 2208 suorum,
318 2164 338 2197 et
352 2159 491 2210 gloriabuntur
506 2165 552 2198 ante
568 2172 607 2198 eos.
622 2165 642 2198 et
657 2161 751 2211 quidnam
765 2161 826 2200 facies
839 2175 875 2200 no-

103 2223 151 2262 mini
165 2229 199 2262 tuo
214 2224 300 2276 magno?
319 2223 354 2263 26ῖ
370 2226 420 2263 dixit
434 2226 482 2263 mihi
496 2225 603 2264 Dominus:
618 2238 691 2264 nomen
706 2240 771 2265 meum
781 2233 801 2265 et
810 2228 876 2279 gloria

104 2302 149 2327 mea
167 2290 268 2328 saeculum
286 2296 388 2329 aeteruum
407 2296 437 2329 est
456 2293 492 2338 eis,
513 2291 606 2330 iudicium
625 2297 691 2331 autem
706 2306 771 2331 meum
785 2298 875 2345 tempore

104 2367 139 2393 suo
155 2355 251 2393 custodiet
264 2357 295 2394 ius
310 2368 371 2395 suum.
393 2356 426 2396 ³et
441 2363 462 2395 tu
477 2358 552 2396 videbis
568 2357 628 2396 oeulis
644 2360 688 2407 tuis,
703 2372 743 2397 non
753 2360 820 2398 hostes
830 2361 875 2399 sub-

103 2425 180 2459 vertere
190 2419 276 2468 Sionem,
290 2436 354 2473 neque
364 2424 480 2462 comburere
490 2423 604 2472 Ierusalem,
614 2424 649 2463 sed
658 2425 718 2463 iudici
727 2426 839 2465 ministrare
850 2428 876 2465 ad

104 2493 186 2538 tempus.
211 2486 246 2524 4tu
260 2501 308 2526 vero
323 2490 374 2527 vade
389 2494 408 2527 et
422 2490 455 2527 fae
470 2490 608 2541 quodcumque
623 2491 665 2529 dixi
679 2491 720 2530 tibi.
747 2491 780 2530 ⁵et
796 2492 841 2540 abii,
856 2498 876 2530 et

152 2717 183 2756 ΠΙ,
198 2719 213 2750 l.
226 2707 400 2779 mundus]lta23L‚
414 2726 492 2761 ornatus,
505 2718 578 2764 κόσμος,

154 2820 185 2864 IV,
199 2823 215 2856 3.
228 2822 331 2865 priusquam
343 2826 432 2867 peccaret]
449 2816 503 2868 idad
521 2814 543 2870 ll?
560 2827 609 2882 >032
628 2828 672 2877 ὃ).
