1982 3190
79 145 81 152 .
96 169 141 198 VIII
439 161 541 199 Praefatio

101 265 226 322 Parisinus)
242 265 328 308 saeculo
343 264 387 307 IX.
403 266 497 322 scriptus
513 272 552 308 est.
568 265 632 308 huius
647 265 752 310 lectiones
766 267 874 310 variantes

101 350 153 377 cum
170 335 214 382 iam
232 332 343 390 Sabatier,
363 334 402 378 sed
420 340 445 377 ut
463 350 522 378 nunc
540 334 675 377 intellectum
691 340 733 389 est,
756 335 874 380 admodum

101 405 239 462 negligenter
257 402 376 458 attulisset,
394 403 471 447 Herm.
490 404 614 462 Zotenberg
628 403 769 462 Hilgenfeldo
787 405 876 463 roganti

103 473 287 517 accuratissimam
302 472 439 516 collationem
455 474 633 527 subministravit.
659 472 756 517 codicem
770 473 874 517 ’.1111111111-

104 558 160 596 sem,
179 542 218 597 qui
237 541 323 584 saeculo
339 541 407 585 XIII.
427 548 529 586 exaratus
548 548 581 585 est
596 548 618 585 et
631 542 655 584 in
668 542 801 586 bibliotheca
815 542 874 586 urbis

103 611 228 654 Turicensis
239 609 277 667 (C.
289 611 322 653 16.
334 612 364 668 5.)
375 618 506 668 asservatur,
521 611 727 668 post'Vollrmarum
739 627 780 669 ego
791 626 875 655 summa
890 635 891 638 =

104 695 153 723 cum
181 695 234 723 cura
264 681 355 724 excussi.
386 680 479 737 denique
504 681 601 724 codicem
629 680 774 724 bibliothecae
803 681 875 739 regiae

104 749 237 793 Drasdeusis
256 750 294 807 (A.
313 750 350 791 fol.
369 750 426 807 41),
449 751 487 806 qui
509 757 542 793 est
564 750 645 793 saeculi
663 749 727 805 XV,
748 749 876 807 Hilgenfeld

106 818 204 861 contulit.
219 819 241 861 in
256 819 299 862 hoc
308 818 364 862 liber
373 825 450 863 noster
459 819 483 861 in
492 824 537 862 tres
547 819 615 863 libros
626 819 708 862 divisus
719 825 759 875 est,
772 808 877 862 'nimirum

106 888 191 943 „Liber
212 887 284 931 Esdre
305 888 412 945 prophete
434 888 532 931 16111111ιι
558 893 645 932 constat
669 887 776 945 capitibus
797 887 816 931 I.
838 887 876 943 II,

106 957 192 1012 „Liber
210 956 282 1000 Esdre
301 959 411 1013 (1111111111ιι
430 972 492 1014 capp.
510 956 642 999 111-le.
661 963 683 999 et
701 957 787 1012 „Liber
805 957 878 1001 Esdre
936 958 937 962 ’

106 1027 211 1082 quintus“
228 1042 290 1083 capp.
306 1026 359 1069 XV.
375 1025 441 1069 XVI.
456 1026 561 1082 precatio,
578 1042 633 1082 quae
649 1027 669 1081 8,
685 1027 776 1069 20—36.
791 1027 878 1085 legitur,

107 1111 155 1138 cum
170 1111 183 1137 a
198 1094 327 1138 Christianis
342 1095 365 1137 in
376 1095 468 1139 ecclesia
478 1110 543 1152 saepe
552 1096 689 1151 recitaretur,
704 1111 803 1139 seorsum
814 1096 879 1138 etiam

106 1165 129 1207 iu
153 1164 264 1208 codicibus
291 1170 380 1207 exarata
405 1170 443 1208 est.
482 1163 581 1208 Sabatier
605 1165 712 1209 lectiones
734 1165 844 1209 variantes
868 1179 879 1206 e

107 1234 194 1277 duolms
217 1234 279 1277 libris
301 1234 448 1291 perantiquis,
472 1250 499 1277 ex
522 1234 570 1277 cod.
593 1233 701 1277 Vaticano
722 1234 771 1291 (V.)
791 1234 880 1292 reginae

109 1303 201 1347 Sueciae
216 1320 237 1345 n.
254 1305 295 1358 ss,
312 1304 350 1359 qui
363 1303 433 1346 literis
448 1302 571 1347 uncialibus
587 1304 680 1360 scriptus
692 1309 731 1359 est,
748 1314 769 1346 et
778 1310 839 1347 tomo
849 1303 879 1346 Π.

108 1372 232 1415 Bibliorum
248 1372 351 1415 ecclcsiae
366 1372 491 1416 Aniciensis
506 1372 656 1416 Velaunorum
672 1373 722 1430 (A.)
738 1389 749 1416 e
763 1373 817 1416 bibl.
828 1372 880 1416 Col-

107 1442 203 1497 bertina,
225 1447 292 1497 atque
314 1442 380 1484 etiam
403 1457 414 1484 e
436 1441 544 1485 breviario
567 1442 709 1485 Mozarabico
732 1443 778 1500 (B.)
801 1442 881 1498 attulit,

108 1511 238 1568 Hilgenfeld
255 1506 285 1553 'en
304 1510 352 1553 cod.
372 1510 517 1554 bibliothecae
536 1511 671 1554 academicae
692 1512 792 1554 lenensis
815 1512 881 1569 (Mas.

61 1571 62 1574 Ἴ
108 1581 146 1623 fol.
163 1582 219 1638 tn),
242 1580 280 1636 qui
303 1585 336 1622 est
358 1580 440 1623 saeculi
461 1579 526 1622 XIV.
544 1580 640 1624 ineuntis
659 1580 703 1638 (l).
725 1581 749 1623 in
765 1581 809 1623 hoc
825 1581 883 1623 inter

109 1650 195 1694 Esdrae
216 1650 248 1705 (et
262 1649 378 1705 Neemiae)
394 1648 474 1692 librum
489 1650 617 1692 canonicum
633 1655 655 1692 et
670 1649 765 1692 Esdram
780 1665 883 1706 graecum

108 1720 131 1762 in
147 1719 255 1776 ,1111111111ι
271 1718 346 1761 addita
362 1724 395 1761 est
411 1717 543 1773 „Confessio
556 1718 657 1774 hesdre“,
674 1734 730 1775 quae
740 1719 777 1761 illa
787 1719 883 1775 precatio

110 1795 150 1833 est.
169 1788 249 1830 horum
266 1788 335 1845 igitur
354 1787 454 1830 codicum
473 1803 514 1844 ope
530 1793 614 1831 textum
631 1788 745 1831 emendavi
760 1793 781 1830 et
797 1788 884 1833 omissis

111 1857 237 1914 quisquiliis
256 1863 277 1899 et
296 1856 426 1900 lectionibus
445 1857 526 1899 nullius
544 1858 590 1900 fere
608 1857 713 1900 momenti
731 1872 778 1900 eam
799 1863 885 1901 tantum

111 1927 230 1971 lectionum
244 1927 373 1969 varietatem
389 1926 453 1968 attuli
469 1942 534 1983 quam
549 1941 614 1969 nosse
629 1926 717 1969 lectoris
732 1926 854 1971 interesset.

169 1996 261 2039 Librum
284 2001 385 2039 nostrum
408 1996 505 2039 ecclesiis
528 1996 670 2039 orientalibus
692 1995 756 2038 valde
777 1996 886 2052 placuisse

111 2073 179 2110 testes
195 2071 247 2110 sunt
261 2066 335 2123 plures
350 2065 473 2121 versiones,
492 2065 550 2107 intcr
566 2080 619 2121 quas
635 2079 683 2107 meo
699 2064 789 2121 quidem
803 2065 886 2108 iudicio

113 2136 199 2193 syriaca
213 2134 310 2192 primum
324 2135 396 2178 locum
413 2134 502 2176 obtinet.
519 2134 604 2191 syriace
618 2149 688 2190 nuper
704 2134 790 2177 demum
802 2149 849 2177 eam
860 2150 887 2177 ex

113 2205 189 2248 codice
204 2204 350 2248 bibliothecae
361 2203 521 2247 Ambrosiauae
532 2204 569 2261 (B.
581 2203 614 2245 21.
625 2202 678 2260 Ins.)
689 2203 742 2246 Ant.
753 2204 787 2247 M.
799 2203 888 2247 (leriam

112 2275 135 2317 in
154 2275 168 2316 l.
188 2274 334 2317 Monumenta
354 2288 415 2317 sacra
434 2279 456 2315 et
474 2273 567 2330 profana
585 2288 652 2330 opera
669 2273 756 2330 collegii
771 2273 888 2316 doctorum

114 2344 260 2387 bibliothecae
275 2342 441 2386 Ambrosianae.
460 2342 488 2385 V.
506 2344 524 2384 1.
540 2342 640 2398 Mediol,
658 2344 720 2386 1868.
736 2344 756 2385 4.
771 2359 793 2400 p.
808 2345 842 2386 41.
859 2358 887 2387 ss.

114 2413 194 2468 edidit,
214 2428 264 2455 cum
282 2412 341 2454 idem
359 2412 564 2456 virmeritissimus
583 2427 630 2455 eam
653 2412 780 2455 translatam
803 2418 889 2456 servata

114 2489 223 2540 quatenus
238 2482 314 2525 liceret
328 2482 397 2525 veteri
412 2482 480 2524 latina
495 2481 595 2525 versione
610 2482 653 2524 iam
669 2497 687 2523 a.
703 2482 764 2525 1866.
780 2482 793 2526 l.
803 2482 818 2525 l.
833 2482 851 2525 Ι.
868 2482 888 2524 2.

114 2569 136 2609 p.
153 2554 187 2595 99.
203 2567 232 2596 ss.
253 2551 387 2595 inseruisset.
407 2552 463 2594 hanc
477 2551 568 2593 latinam
584 2550 672 2594 Ceriani
687 2551 890 2609 interpretationem

115 2621 245 2678 Hilgenfeld
252 2621 363 2664 nonnullis
372 2621 409 2675 „in
418 2620 543 2678 scriptione,
551 2621 727 2678 interpunctione
736 2624 791 2664 etc.“
800 2620 890 2665 mutatis

116 2698 138 2734 et
149 2690 281 2748 quibusdam
292 2689 470 2733 adnotationibus
482 2689 562 2733 additis
574 2690 646 2732 [leuuo
657 2690 717 2748 typis
726 2690 891 2734 exscribendam

116 2760 200 2803 curavit
215 2760 229 2801 l.
239 2760 253 2801 l.
264 2776 285 2816 p.
301 2759 349 2801 ala.
361 2775 389 2803 ss.
402 2758 471 2817 Syrus
486 2760 509 2802 in
524 2759 689 2815 interpretando
705 2775 757 2803 sane
772 2776 816 2803 uon
827 2758 891 2804 anxie

116 2837 190 2874 textus
207 2831 240 2874 sui
256 2829 329 2887 graeci
344 2829 436 2887 vestigia
451 2829 516 2887 legit,
531 2829 597 2872 immo
613 2829 713 2872 libertate
729 2829 823 2886 quadam
838 2845 891 2874 usus
947 2854 948 2858 =
