1982 3190
433 165 536 204 Praefatio
842 171 877 200 vn

102 272 235 330 epigraphus
255 272 279 315 V.
298 274 358 316 Test.
377 273 408 315 H.
427 272 460 315 ed.
475 272 505 315 ΙΙ.
520 271 609 327 Hamb.⁷
626 272 688 313 1741.
704 271 723 312 8.
739 286 761 326 p.
778 269 819 312 173
835 270 875 325 ss.)

102 349 124 385 et
141 342 201 384 Petr.
220 341 320 386 Sabatier
340 342 474 398 (Bibliorum
491 358 509 386 s.
523 342 561 384 lat.
576 341 688 385 versiones
704 339 814 395 antiquae.
831 338 875 381 ΙΠ.

101 411 181 466 Paris,
202 414 265 455 1751.
285 413 300 454 f.
318 428 339 469 p.
356 413 419 454 1069.
435 412 475 467 ss.)
494 411 549 454 bene
568 416 705 466 meruerunt,
727 415 804 453 nostra
822 423 875 450 vero

102 481 205 524 memoria
222 487 273 538 post
288 479 328 523 Oh.
344 480 388 523 Iao.
405 495 447 523 van
462 479 501 523 der
517 479 565 522 Vlis
581 480 681 537 (Disput.
698 479 745 523 orit.
761 479 789 522 de
803 478 875 521 Ezrae

35 564 37 567 ’
102 550 156 594 libro
173 550 300 607 apocrypho
315 550 382 607 vulgo
398 554 476 606 quarto
493 549 559 591 dioto.
575 549 705 604 Amstelod.‚
722 549 784 591 1839.
796 549 826 604 8.)
842 548 875 589 in-

101 620 176 676 primis
188 618 253 662 Gust.
263 619 371 661 Volkmar
382 618 518 676 (Handbuoh
530 618 568 660 der
575 617 633 660 Hinl.
641 618 664 660 in
673 618 708 660 die
718 618 874 675 Apooryphen.

102 689 121 732 ⁶2.
137 689 205 731 Abth.
220 688 268 732 Das
283 692 303 731 4.
318 688 382 731 Buoh
396 688 459 731 Esra.
475 688 599 745 Tubingen,
615 688 677 730 1863.
693 689 726 743 8.)
740 694 761 729 et
776 687 873 744 Adolph.

101 758 230 822 Hilgenfell
245 758 259 800 l.
274 759 288 800 l.
303 775 324 816 p.
340 757 431 801 XVIII.
447 773 475 801 ss.
496 763 517 800 et
535 773 556 814 p.
573 758 606 799 36.
622 772 650 801 ss.
669 758 692 799 in
710 757 767 799 libro
787 762 808 800 et
826 772 875 799 eor-

101 827 193 885 rigendo
213 833 235 870 et
253 828 329 871 melius
347 828 491 885 intelligendo
512 843 601 884 operam
620 833 809 884 consumpserunt.

162 896 198 939 De
213 897 269 940 libro
288 897 337 954 ipso
357 897 433 954 pauois
454 897 485 940 sio
500 896 586 939 habeto.
603 896 689 953 generis
705 901 738 938 est
752 895 876 953 prophetioi

102 972 123 1008 et
139 973 221 1023 septem
234 967 355 1010 visionibus
366 971 457 1010 constat.
474 966 581 1022 seriptum
592 981 640 1008 eum
652 980 699 1009 esse
709 971 814 1021 vergente
824 971 875 1022 post

102 1035 214 1078 Christum
232 1041 308 1078 natum
328 1036 414 1078 saeculo
429 1036 500 1092 primo
516 1035 558 1077 viri
573 1035 634 1078 dooti
648 1049 708 1077 nuno
722 1034 767 1077 fere
783 1050 875 1078 eonsen-

100 1106 169 1160 dunt,
187 1106 239 1148 lioet
257 1104 284 1147 de
299 1120 356 1147 anno
371 1107 420 1162 ipso
436 1104 576 1157 dissentiant3
600 1104 747 1160 antiquiorem
762 1120 812 1146 eum
828 1119 875 1147 esse

101 1181 123 1217 et
132 1174 208 1217 XXX
218 1174 263 1217 fere
274 1175 335 1217 annis
345 1181 397 1231 post
407 1173 563 1230 Hierosolyma
574 1190 586 1216 a
596 1173 702 1229 Pompeio
716 1189 773 1215 anno
784 1172 874 1216 LXIII.

101 1249 151 1286 ante
167 1243 279 1287 Christum
297 1248 373 1285 natum
393 1250 519 1300 expugnata
536 1249 642 1300 regnante
660 1242 751 1285 Herode
766 1243 799 1285 M.
815 1258 874 1285 oom-

101 1314 197 1370 positum
212 1312 369 1370 praeeuntibus
384 1314 432 1355 aliis
441 1312 570 1370 Hilgenfeld
585 1311 691 1354 iudicavit
706 1326 812 1367 suamque
826 1327 875 1354 sen-

100 1382 192 1425 tentiam
214 1382 333 1424 identidem
356 1383 490 1440 argumentis
513 1397 591 1438 parum
613 1381 698 1424 idoneis
717 1382 874 1439 propugnavit,

101 1451 225 1508 nuperrime
240 1451 291 1493 inl.
307 1451 433 1495 Zeitsohrift
447 1452 483 1493 fur
498 1451 663 1495 wissenschaftl.
676 1450 796 1508 Theologie
812 1452 875 1494 1870.

101 1536 121 1577 p.
143 1520 191 1563 308.
207 1535 235 1564 ss.
261 1520 320 1563 idem
341 1521 376 1562 vir
399 1521 539 1563 doctissimus
562 1520 669 1577 (Messias
691 1507 824 1562 Iudaeorum
848 1547 873 1551 —

100 1606 122 1646 p.
140 1589 230 1632 XLIX.
249 1591 289 1646 ss.)
304 1605 380 1634 versus
400 1590 466 1647 (VI),
485 1589 597 1644 lss—VJL
616 1590 649 1630 45.
673 1589 760 1645 spurios
783 1604 830 1632 esse
853 1596 875 1632 et

100 1658 165 1701 tertio
181 1660 226 1702 fere
241 1660 328 1702 saeoulo
343 1660 431 1702 ineunte
446 1660 539 1702 insertos
554 1660 648 1715 probare
659 1657 752 1712 studuit,
768 1673 817 1701 oum
830 1659 874 1701 iam

100 1727 162 1769 Paul.
178 1727 252 1771 Ioaoh.
268 1726 356 1785 Sigism.
372 1728 444 1786 Vogel
459 1727 629 1785 (Commentatio
646 1727 673 1770 de
684 1727 822 1770 coniecturae
829 1743 874 1770 usu

100 1797 122 1838 in
138 1797 188 1839 orisi
204 1797 232 1839 N.
246 1797 280 1852 T.7
296 1797 330 1840 oui
346 1797 430 1840 adieota
446 1804 479 1840 est
494 1798 562 1839 altera
578 1797 605 1840 de
620 1803 699 1853 quarto
714 1796 771 1839 libro
782 1797 873 1840 Esdrae.

101 1866 189 1920 Altorf..
205 1867 267 1908 1795.
283 1868 314 1924 4.)
328 1866 402 1909 looum
417 1866 472 1922 VH⁷
483 1866 607 1922 as-Vffl,
619 1868 652 1909 19.
668 1866 816 1912 adulterinum
827 1881 874 1910 esse

99 1934 229 1991 iudicasset7
248 1935 287 1978 sed
302 1942 394 1991 uterque
409 1937 530 1979 rationibus
546 1942 580 1979 sat
594 1936 680 1979 levibus
695 1950 748 1978 usus
764 1942 804 1989 est7
820 1951 874 1992 quas

101 2003 199 2046 refellere
217 2020 262 2047 non
281 2011 314 2047 est
331 2004 396 2048 huius
411 2005 460 2047 looi.
480 2005 573 2061 denique
589 2004 717 2062 Hilgenfeld
734 2021 746 2046 a
760 2005 830 2047 Paulo
846 2005 874 2048 de

101 2073 204 2130 Lagarde
227 2079 248 2116 et
265 2074 394 2117 Hermanno
412 2073 537 2118 lloensehio
561 2075 649 2118 adiutus
671 2075 752 2117 librum
774 2079 874 2117 nostrum

101 2157 179 2199 graece
203 2144 269 2186 vertit
288 2144 363 2199 itaque
380 2144 468 2201 linguae
488 2159 540 2187 suae
559 2143 651 2186 reddere
669 2149 761 2187 oonatus
782 2150 815 2187 est
830 2144 844 2185 l.
860 2144 874 2186 l.

99 2228 121 2267 p.
137 2212 170 2254 36.
185 2228 214 2268 ss,
231 2213 291 2268 quod
307 2228 345 2255 our
360 2213 437 2255 feeerit
451 2219 473 2255 et
488 2213 599 2269 quomodo
616 2214 706 2257 cesserit
721 2213 757 2255 alii
772 2212 874 2256 viderint.

157 2280 236 2325 Restat
251 2288 276 2324 ut
292 2282 319 2325 de
333 2283 443 2325 veteribus
458 2282 509 2325 libri
524 2282 661 2326 versionibus
677 2282 781 2325 dieamus.
796 2282 875 2325 harum

99 2350 189 2392 latinam
212 2351 351 2395 exhibuimus
373 2356 451 2409 utpote
469 2352 512 2394 fide
531 2351 692 2409 dignissimam,
714 2367 763 2395 eutii
781 2353 826 2395 fere
846 2353 875 2395 ad

99 2418 190 2461 verbum
206 2421 264 2462 faeta
279 2422 313 2464 sit.
335 2421 432 2464 melioris
447 2427 512 2463 notae
528 2427 561 2464 est
577 2437 642 2477 quain
658 2422 750 2465 aliorum
769 2422 875 2464 librorum
906 2474 908 2477 .

100 2489 378 2547 sacroruminterpretatio
394 2496 457 2534 vetus
473 2490 547 2544 latina7
563 2506 613 2533 nam
629 2492 699 2534 oratio
715 2498 749 2534 est
763 2491 840 2547 purior
853 2497 875 2533 et

99 2558 214 2615 interpres7
230 2559 268 2613 qui
284 2575 332 2602 mea
348 2560 455 2602 sententia
470 2560 557 2603 saeculo
568 2559 633 2602 tertio
644 2560 707 2615 vixit,
723 2576 773 2603 raro
787 2559 874 2603 videtur

100 2642 178 2684 graeoa
192 2642 308 2684 perperam
322 2628 464 2684 intellexisse,
480 2644 531 2673 sane
545 2645 598 2672 vero
609 2635 684 2673 tentus
694 2629 762 2686 uulgo
772 2636 875 2686 receptus

100 2712 207 2753 perquam
230 2701 263 2740 est
285 2697 383 2741 vitiosus.
406 2699 457 2741 huie
479 2698 616 2742 emendando
639 2715 698 2742 nuno
720 2698 810 2754 quidem
829 2705 874 2741 tres

100 2765 187 2810 oodioes
203 2767 297 2824 optimae
313 2773 378 2810 uotae
393 2774 480 2825 praesto
492 2774 550 2823 suut⁷
565 2769 668 2811 nimirum
679 2767 874 2825 sangermanensis

101 2834 153 2892 (8.),
163 2836 289 2879 Turioensis
300 2836 346 2893 (T.)
358 2838 520 2882 etDresdensis
529 2837 585 2895 (D.)
602 2836 797 2896 Saugermanensis
807 2839 875 2895 (nuno
