<?xml version="1.0" encoding="UTF-8"?>
<!DOCTYPE html PUBLIC "-//W3C//DTD XHTML 1.0 Transitional//EN"
    "http://www.w3.org/TR/xhtml1/DTD/xhtml1-transitional.dtd">
<html xmlns="http://www.w3.org/1999/xhtml" xml:lang="en" lang="en">
 <head>
  <title>
</title>
<meta http-equiv="Content-Type" content="text/html;charset=utf-8" />
  <meta name='ocr-system' content='tesseract 3.04.00' />
  <meta name='ocr-capabilities' content='ocr_page ocr_carea ocr_par ocr_line ocrx_word'/>
</head>
<body>
  <div class='ocr_page' id='page_1' title='image "./MN41922ucmf_7_0171.png"; bbox 0 0 1982 3190; ppageno 0'>
   <div class='ocr_carea' id='block_1_1' title="bbox 57 198 554 249">
    <p class='ocr_par' dir='ltr' id='par_1_1' title="bbox 57 198 554 249">
     <span class='ocr_line' id='line_1_1' title="bbox 57 198 554 249; baseline -0.002 -12"><span class='ocrx_word' id='word_1_1' title='bbox 57 199 73 246; x_wconf 72' lang='grc' dir='ltr'>Ι,</span> <span class='ocrx_word' id='word_1_2' title='bbox 90 199 150 237; x_wconf 78' lang='grc'><strong>1-9.</strong></span> <span class='ocrx_word' id='word_1_3' title='bbox 331 198 445 249; x_wconf 83' lang='lat' dir='ltr'>Assumptio</span> <span class='ocrx_word' id='word_1_4' title='bbox 460 199 554 248; x_wconf 85' lang='lat' dir='ltr'>Moyseos</span> 
     </span>
    </p>
   </div>
   <div class='ocr_carea' id='block_1_2' title="bbox 60 432 832 1152">
    <p class='ocr_par' dir='ltr' id='par_1_2' title="bbox 60 432 832 1152">
     <span class='ocr_line' id='line_1_2' title="bbox 115 432 830 492; baseline 0 -14"><span class='ocrx_word' id='word_1_5' title='bbox 115 432 136 478; x_wconf 86' lang='lat' dir='ltr'>I.</span> <span class='ocrx_word' id='word_1_6' title='bbox 156 442 279 492; x_wconf 81' lang='lat' dir='ltr'>[Assumptio</span> <span class='ocrx_word' id='word_1_7' title='bbox 290 442 387 491; x_wconf 80' lang='lat' dir='ltr'>moyseos.</span> <span class='ocrx_word' id='word_1_8' title='bbox 403 444 462 480; x_wconf 87' lang='lat' dir='ltr'>Anno</span> <span class='ocrx_word' id='word_1_9' title='bbox 472 442 565 491; x_wconf 85' lang='lat' dir='ltr'>Moyseos</span> <span class='ocrx_word' id='word_1_10' title='bbox 576 442 682 480; x_wconf 86' lang='lat' dir='ltr'>centesimo</span> <span class='ocrx_word' id='word_1_11' title='bbox 691 447 711 480; x_wconf 86' lang='lat' dir='ltr'>et</span> <span class='ocrx_word' id='word_1_12' title='bbox 718 441 830 492; x_wconf 77' lang='lat' dir='ltr'>m&#39;gesimo],</span> 
     </span>
     <span class='ocr_line' id='line_1_3' title="bbox 60 505 829 559; baseline 0.001 -15"><span class='ocrx_word' id='word_1_13' title='bbox 60 505 107 559; x_wconf 70' lang='grc' dir='ltr'>2ηνί</span> <span class='ocrx_word' id='word_1_14' title='bbox 126 512 156 546; x_wconf 86' lang='grc' dir='ltr'>θεῖ</span> <span class='ocrx_word' id='word_1_15' title='bbox 173 508 203 546; x_wconf 89' lang='lat' dir='ltr'>bis</span> <span class='ocrx_word' id='word_1_16' title='bbox 221 507 334 546; x_wconf 81' lang='lat' dir='ltr'>millesimus</span> <span class='ocrx_word' id='word_1_17' title='bbox 349 512 369 545; x_wconf 91' lang='lat' dir='ltr'>et</span> <span class='ocrx_word' id='word_1_18' title='bbox 384 507 550 558; x_wconf 75' lang='lat' dir='ltr'>quingentesimus</span> <span class='ocrx_word' id='word_1_19' title='bbox 565 519 627 545; x_wconf 86' lang='lat' dir='ltr'>annus</span> <span class='ocrx_word' id='word_1_20' title='bbox 642 521 654 544; x_wconf 89' lang='lat' dir='ltr'>a</span> <span class='ocrx_word' id='word_1_21' title='bbox 669 512 760 546; x_wconf 84' lang='lat' dir='ltr'>creatura</span> <span class='ocrx_word' id='word_1_22' title='bbox 775 507 829 545; x_wconf 90' lang='lat' dir='ltr'>orbis</span> 
     </span>
     <span class='ocr_line' id='line_1_4' title="bbox 60 573 828 624; baseline -0.003 -12"><span class='ocrx_word' id='word_1_23' title='bbox 60 579 134 622; x_wconf 81' lang='lat' dir='ltr'>terrae,</span> <span class='ocrx_word' id='word_1_24' title='bbox 153 573 212 612; x_wconf 80' lang='lat' dir='ltr'>³nam</span> <span class='ocrx_word' id='word_1_25' title='bbox 231 585 286 612; x_wconf 91' lang='lat' dir='ltr'>secus</span> <span class='ocrx_word' id='word_1_26' title='bbox 304 574 337 624; x_wconf 83' lang='lat' dir='ltr'>qui</span> <span class='ocrx_word' id='word_1_27' title='bbox 354 574 375 611; x_wconf 91' lang='lat' dir='ltr'>in</span> <span class='ocrx_word' id='word_1_28' title='bbox 390 574 466 611; x_wconf 86' lang='lat' dir='ltr'>oriente</span> <span class='ocrx_word' id='word_1_29' title='bbox 485 579 530 612; x_wconf 89' lang='lat' dir='ltr'>sunt</span> <span class='ocrx_word' id='word_1_30' title='bbox 545 585 635 611; x_wconf 90' lang='lat' dir='ltr'>numerus</span> <span class='ocrx_word' id='word_1_31' title='bbox 652 602 656 610; x_wconf 92' lang='lat'>.</span> <span class='ocrx_word' id='word_1_32' title='bbox 672 602 676 610; x_wconf 85' lang='lat'>.</span> <span class='ocrx_word' id='word_1_33' title='bbox 693 602 697 610; x_wconf 92' lang='lat'>.</span> <span class='ocrx_word' id='word_1_34' title='bbox 712 583 761 612; x_wconf 69' lang='lat' dir='ltr'>mus*</span> <span class='ocrx_word' id='word_1_35' title='bbox 776 578 806 611; x_wconf 82' lang='lat' dir='ltr'>et.</span> <span class='ocrx_word' id='word_1_36' title='bbox 824 600 828 610; x_wconf 97' lang='lat'>.</span> 
     </span>
     <span class='ocr_line' id='line_1_5' title="bbox 60 638 829 689; baseline -0.003 -11"><span class='ocrx_word' id='word_1_37' title='bbox 60 653 103 679; x_wconf 89' lang='lat' dir='ltr'>mus</span> <span class='ocrx_word' id='word_1_38' title='bbox 119 645 150 679; x_wconf 85' lang='lat' dir='ltr'>et.</span> <span class='ocrx_word' id='word_1_39' title='bbox 165 670 201 678; x_wconf 90' lang='lat'>...</span> <span class='ocrx_word' id='word_1_40' title='bbox 215 650 263 677; x_wconf 86' lang='lat' dir='ltr'>mus·</span> <span class='ocrx_word' id='word_1_41' title='bbox 278 639 408 689; x_wconf 76' lang='lat' dir='ltr'>profectionis</span> <span class='ocrx_word' id='word_1_42' title='bbox 422 639 498 689; x_wconf 78' lang='lat' dir='ltr'>fynicis,</span> <span class='ocrx_word' id='word_1_43' title='bbox 512 638 571 676; x_wconf 80' lang='lat' dir='ltr'>4cum</span> <span class='ocrx_word' id='word_1_44' title='bbox 586 639 647 677; x_wconf 90' lang='lat' dir='ltr'>exivit</span> <span class='ocrx_word' id='word_1_45' title='bbox 661 639 717 689; x_wconf 82' lang='lat' dir='ltr'>plebs</span> <span class='ocrx_word' id='word_1_46' title='bbox 727 644 773 689; x_wconf 90' lang='lat' dir='ltr'>post</span> <span class='ocrx_word' id='word_1_47' title='bbox 782 652 829 689; x_wconf 87' lang='lat' dir='ltr'>pro-</span> 
     </span>
     <span class='ocr_line' id='line_1_6' title="bbox 60 704 830 757; baseline -0.001 -13"><span class='ocrx_word' id='word_1_48' title='bbox 60 706 166 744; x_wconf 79' lang='lat' dir='ltr'>fectionem</span> <span class='ocrx_word' id='word_1_49' title='bbox 185 719 236 757; x_wconf 87' lang='lat' dir='ltr'>quae</span> <span class='ocrx_word' id='word_1_50' title='bbox 250 706 311 743; x_wconf 81' lang='lat' dir='ltr'>fiebat</span> <span class='ocrx_word' id='word_1_51' title='bbox 325 718 361 754; x_wconf 88' lang='lat' dir='ltr'>per</span> <span class='ocrx_word' id='word_1_52' title='bbox 374 704 457 755; x_wconf 86' lang='lat' dir='ltr'>Moysen</span> <span class='ocrx_word' id='word_1_53' title='bbox 472 717 533 755; x_wconf 89' lang='lat' dir='ltr'>usque</span> <span class='ocrx_word' id='word_1_54' title='bbox 548 705 634 742; x_wconf 85' lang='lat' dir='ltr'>Amman</span> <span class='ocrx_word' id='word_1_55' title='bbox 648 709 703 743; x_wconf 85' lang='lat' dir='ltr'>trans</span> <span class='ocrx_word' id='word_1_56' title='bbox 718 705 830 752; x_wconf 77' lang='lat' dir='ltr'>Iordanem,</span> 
     </span>
     <span class='ocr_line' id='line_1_7' title="bbox 62 769 831 822; baseline -0.001 -12"><span class='ocrx_word' id='word_1_57' title='bbox 62 771 172 822; x_wconf 82' lang='lat' dir='ltr'>⁵pr0fetiae</span> <span class='ocrx_word' id='word_1_58' title='bbox 186 772 252 809; x_wconf 82' lang='lat' dir='ltr'>factae</span> <span class='ocrx_word' id='word_1_59' title='bbox 265 775 311 809; x_wconf 88' lang='lat' dir='ltr'>sunt</span> <span class='ocrx_word' id='word_1_60' title='bbox 325 783 338 808; x_wconf 87' lang='lat' dir='ltr'>a</span> <span class='ocrx_word' id='word_1_61' title='bbox 351 769 421 821; x_wconf 75' lang='lat' dir='ltr'>Moyse</span> <span class='ocrx_word' id='word_1_62' title='bbox 435 772 455 808; x_wconf 91' lang='lat' dir='ltr'>in</span> <span class='ocrx_word' id='word_1_63' title='bbox 469 771 521 809; x_wconf 86' lang='lat' dir='ltr'>libro</span> <span class='ocrx_word' id='word_1_64' title='bbox 536 769 699 817; x_wconf 76' lang='lat' dir='ltr'>Deuteronomio,</span> <span class='ocrx_word' id='word_1_65' title='bbox 716 769 762 821; x_wconf 81' lang='lat' dir='ltr'>6qui</span> <span class='ocrx_word' id='word_1_66' title='bbox 772 783 831 809; x_wconf 83' lang='lat' dir='ltr'>voea-</span> 
     </span>
     <span class='ocr_line' id='line_1_8' title="bbox 61 834 832 886; baseline -0.001 -11"><span class='ocrx_word' id='word_1_67' title='bbox 61 838 89 875; x_wconf 89' lang='lat' dir='ltr'>vit</span> <span class='ocrx_word' id='word_1_68' title='bbox 104 838 130 875; x_wconf 89' lang='lat' dir='ltr'>ad</span> <span class='ocrx_word' id='word_1_69' title='bbox 145 850 166 875; x_wconf 90' lang='lat' dir='ltr'>se</span> <span class='ocrx_word' id='word_1_70' title='bbox 180 837 245 876; x_wconf 81' lang='lat' dir='ltr'>lesum</span> <span class='ocrx_word' id='word_1_71' title='bbox 259 837 320 874; x_wconf 86' lang='lat' dir='ltr'>filium</span> <span class='ocrx_word' id='word_1_72' title='bbox 335 834 398 883; x_wconf 79' lang='lat' dir='ltr'>Nave,</span> <span class='ocrx_word' id='word_1_73' title='bbox 413 836 513 874; x_wconf 89' lang='lat' dir='ltr'>hominem</span> <span class='ocrx_word' id='word_1_74' title='bbox 526 836 632 886; x_wconf 86' lang='lat' dir='ltr'>probatum</span> <span class='ocrx_word' id='word_1_75' title='bbox 647 834 741 883; x_wconf 84' lang='lat' dir='ltr'>Domine,</span> <span class='ocrx_word' id='word_1_76' title='bbox 756 835 792 874; x_wconf 69' lang='lat' dir='ltr'>7ut</span> <span class='ocrx_word' id='word_1_77' title='bbox 806 837 832 874; x_wconf 90' lang='lat' dir='ltr'>sit</span> 
     </span>
     <span class='ocr_line' id='line_1_9' title="bbox 61 901 831 953; baseline -0.001 -12"><span class='ocrx_word' id='word_1_78' title='bbox 61 915 163 941; x_wconf 80' lang='lat' dir='ltr'>successor</span> <span class='ocrx_word' id='word_1_79' title='bbox 184 903 238 953; x_wconf 88' lang='lat' dir='ltr'>plebi</span> <span class='ocrx_word' id='word_1_80' title='bbox 260 908 279 940; x_wconf 91' lang='lat' dir='ltr'>et</span> <span class='ocrx_word' id='word_1_81' title='bbox 297 914 368 940; x_wconf 79' lang='lat' dir='ltr'>scenae</span> <span class='ocrx_word' id='word_1_82' title='bbox 386 902 493 940; x_wconf 87' lang='lat' dir='ltr'>testimonii</span> <span class='ocrx_word' id='word_1_83' title='bbox 512 914 556 940; x_wconf 91' lang='lat' dir='ltr'>cum</span> <span class='ocrx_word' id='word_1_84' title='bbox 575 901 664 939; x_wconf 90' lang='lat' dir='ltr'>omnibus</span> <span class='ocrx_word' id='word_1_85' title='bbox 682 902 756 940; x_wconf 84' lang='lat' dir='ltr'>sanctis</span> <span class='ocrx_word' id='word_1_86' title='bbox 773 901 831 950; x_wconf 80' lang='lat' dir='ltr'>illius,</span> 
     </span>
     <span class='ocr_line' id='line_1_10' title="bbox 63 966 832 1018; baseline -0.005 -10"><span class='ocrx_word' id='word_1_87' title='bbox 63 969 99 1007; x_wconf 75' lang='grc' dir='ltr'>8νῖ</span> <span class='ocrx_word' id='word_1_88' title='bbox 113 974 132 1008; x_wconf 88' lang='lat' dir='ltr'>et</span> <span class='ocrx_word' id='word_1_89' title='bbox 145 969 225 1007; x_wconf 82' lang='lat' dir='ltr'>inducat</span> <span class='ocrx_word' id='word_1_90' title='bbox 239 968 317 1018; x_wconf 88' lang='lat' dir='ltr'>plebem</span> <span class='ocrx_word' id='word_1_91' title='bbox 332 967 353 1005; x_wconf 92' lang='lat' dir='ltr'>in</span> <span class='ocrx_word' id='word_1_92' title='bbox 367 972 442 1006; x_wconf 87' lang='lat' dir='ltr'>terram</span> <span class='ocrx_word' id='word_1_93' title='bbox 456 969 524 1007; x_wconf 85' lang='lat' dir='ltr'>datam</span> <span class='ocrx_word' id='word_1_94' title='bbox 538 967 628 1018; x_wconf 89' lang='lat' dir='ltr'>patribus</span> <span class='ocrx_word' id='word_1_95' title='bbox 642 979 714 1015; x_wconf 79' lang='lat' dir='ltr'>eorum,</span> <span class='ocrx_word' id='word_1_96' title='bbox 731 966 766 1005; x_wconf 79' lang='lat' dir='ltr'>⁹ut</span> <span class='ocrx_word' id='word_1_97' title='bbox 776 969 832 1006; x_wconf 87' lang='lat' dir='ltr'>detur</span> 
     </span>
     <span class='ocr_line' id='line_1_11' title="bbox 62 1033 832 1086; baseline -0.004 -12"><span class='ocrx_word' id='word_1_98' title='bbox 62 1035 101 1074; x_wconf 94' lang='lat' dir='ltr'>illis</span> <span class='ocrx_word' id='word_1_99' title='bbox 114 1049 151 1086; x_wconf 89' lang='lat' dir='ltr'>per</span> <span class='ocrx_word' id='word_1_100' title='bbox 165 1039 304 1073; x_wconf 83' lang='lat' dir='ltr'>testamentum</span> <span class='ocrx_word' id='word_1_101' title='bbox 320 1038 339 1071; x_wconf 84' lang='lat' dir='ltr'>et</span> <span class='ocrx_word' id='word_1_102' title='bbox 349 1046 385 1083; x_wconf 85' lang='lat' dir='ltr'>per</span> <span class='ocrx_word' id='word_1_103' title='bbox 394 1033 533 1081; x_wconf 76' lang='lat' dir='ltr'>iusiurandum,</span> <span class='ocrx_word' id='word_1_104' title='bbox 549 1035 602 1084; x_wconf 83' lang='lat' dir='ltr'>quod</span> <span class='ocrx_word' id='word_1_105' title='bbox 616 1033 693 1072; x_wconf 87' lang='lat' dir='ltr'>loeutus</span> <span class='ocrx_word' id='word_1_106' title='bbox 704 1034 764 1072; x_wconf 87' lang='lat' dir='ltr'>estin</span> <span class='ocrx_word' id='word_1_107' title='bbox 774 1046 832 1073; x_wconf 87' lang='lat' dir='ltr'>seena</span> 
     </span>
     <span class='ocr_line' id='line_1_12' title="bbox 63 1099 622 1152; baseline -0.004 -13"><span class='ocrx_word' id='word_1_108' title='bbox 63 1102 111 1140; x_wconf 85' lang='lat' dir='ltr'>dare</span> <span class='ocrx_word' id='word_1_109' title='bbox 125 1115 161 1152; x_wconf 91' lang='lat' dir='ltr'>per</span> <span class='ocrx_word' id='word_1_110' title='bbox 175 1101 247 1148; x_wconf 79' lang='lat' dir='ltr'>Iesum,</span> <span class='ocrx_word' id='word_1_111' title='bbox 262 1100 344 1138; x_wconf 80' lang='lat' dir='ltr'>dicendo</span> <span class='ocrx_word' id='word_1_112' title='bbox 360 1100 386 1137; x_wconf 80' lang='lat' dir='ltr'>ad</span> <span class='ocrx_word' id='word_1_113' title='bbox 400 1099 464 1139; x_wconf 87' lang='lat' dir='ltr'>Iesum</span> <span class='ocrx_word' id='word_1_114' title='bbox 479 1101 561 1139; x_wconf 79' lang='lat' dir='ltr'>uerbum</span> <span class='ocrx_word' id='word_1_115' title='bbox 575 1100 622 1138; x_wconf 90' lang='lat' dir='ltr'>hoc:</span> 
     </span>
    </p>
   </div>
   <div class='ocr_carea' id='block_1_3' title="bbox 65 1418 840 2457">
    <p class='ocr_par' dir='ltr' id='par_1_3' title="bbox 65 1418 840 2457">
     <span class='ocr_line' id='line_1_13' title="bbox 111 1418 833 1461; baseline -0.003 -8"><span class='ocrx_word' id='word_1_116' title='bbox 111 1418 126 1456; x_wconf 80' lang='lat' dir='ltr'>l.</span> <span class='ocrx_word' id='word_1_117' title='bbox 145 1421 161 1453; x_wconf 87' lang='lat'>1.</span> <span class='ocrx_word' id='word_1_118' title='bbox 178 1420 200 1453; x_wconf 87' lang='lat' dir='ltr'>cf.</span> <span class='ocrx_word' id='word_1_119' title='bbox 216 1419 268 1451; x_wconf 85' lang='lat' dir='ltr'>Dent.</span> <span class='ocrx_word' id='word_1_120' title='bbox 286 1420 314 1460; x_wconf 81' lang='lat'>31,</span> <span class='ocrx_word' id='word_1_121' title='bbox 327 1421 343 1451; x_wconf 76' lang='lat'>2.</span> <span class='ocrx_word' id='word_1_122' title='bbox 359 1421 387 1459; x_wconf 75' lang='lat'>34,</span> <span class='ocrx_word' id='word_1_123' title='bbox 400 1420 417 1450; x_wconf 76' lang='lat'>7.</span> <span class='ocrx_word' id='word_1_124' title='bbox 436 1437 459 1442; x_wconf 89' lang='lat'>-</span> <span class='ocrx_word' id='word_1_125' title='bbox 478 1419 545 1460; x_wconf 83' lang='lat' dir='ltr'>primae</span> <span class='ocrx_word' id='word_1_126' title='bbox 560 1423 595 1451; x_wconf 88' lang='lat' dir='ltr'>tres</span> <span class='ocrx_word' id='word_1_127' title='bbox 612 1420 671 1451; x_wconf 87' lang='lat' dir='ltr'>lineae</span> <span class='ocrx_word' id='word_1_128' title='bbox 686 1419 723 1461; x_wconf 83' lang='lat' dir='ltr'>legi</span> <span class='ocrx_word' id='word_1_129' title='bbox 737 1423 833 1461; x_wconf 83' lang='lat' dir='ltr'>nequeunt.</span> 
     </span>
     <span class='ocr_line' id='line_1_14' title="bbox 65 1461 835 1511; baseline 0.001 -13"><span class='ocrx_word' id='word_1_130' title='bbox 65 1467 159 1500; x_wconf 86' lang='lat' dir='ltr'>Volhmar:</span> <span class='ocrx_word' id='word_1_131' title='bbox 172 1465 236 1511; x_wconf 76' lang='grc' dir='ltr'>Βίβλος</span> <span class='ocrx_word' id='word_1_132' title='bbox 247 1467 279 1509; x_wconf 78' lang='grc' dir='ltr'>τῆς</span> <span class='ocrx_word' id='word_1_133' title='bbox 291 1465 400 1510; x_wconf 78' lang='grc' dir='ltr'>προφητείας</span> <span class='ocrx_word' id='word_1_134' title='bbox 411 1463 509 1509; x_wconf 59' lang='lat' dir='ltr'>Melicerte,</span> <span class='ocrx_word' id='word_1_135' title='bbox 522 1461 542 1510; x_wconf 80' lang='grc' dir='ltr'>ἣν</span> <span class='ocrx_word' id='word_1_136' title='bbox 553 1464 627 1510; x_wconf 75' lang='grc' dir='ltr'>ἔργαψεν</span> <span class='ocrx_word' id='word_1_137' title='bbox 636 1461 659 1499; x_wconf 75' lang='lat' dir='ltr'>dv</span> <span class='ocrx_word' id='word_1_138' title='bbox 669 1464 730 1500; x_wconf 82' lang='grc' dir='ltr'>ἑκατὸν</span> <span class='ocrx_word' id='word_1_139' title='bbox 740 1465 771 1500; x_wconf 79' lang='grc' dir='ltr'>καί</span> <span class='ocrx_word' id='word_1_140' title='bbox 779 1465 835 1500; x_wconf 74' lang='grc' dir='ltr'>εἴκοσι</span> 
     </span>
     <span class='ocr_line' id='line_1_15' title="bbox 66 1512 834 1555; baseline -0.001 -7"><span class='ocrx_word' id='word_1_141' title='bbox 66 1512 114 1548; x_wconf 73' lang='grc' dir='ltr'>ἐτῶν.</span> <span class='ocrx_word' id='word_1_142' title='bbox 132 1514 242 1555; x_wconf 82' lang='lat' dir='ltr'>Hilgenfeld:</span> <span class='ocrx_word' id='word_1_143' title='bbox 261 1514 366 1555; x_wconf 86' lang='lat' dir='ltr'>Assumptio</span> <span class='ocrx_word' id='word_1_144' title='bbox 378 1514 446 1555; x_wconf 84' lang='lat' dir='ltr'>Moysis</span> <span class='ocrx_word' id='word_1_145' title='bbox 463 1515 568 1555; x_wconf 72' lang='lat' dir='ltr'>quaefacta</span> <span class='ocrx_word' id='word_1_146' title='bbox 581 1518 666 1546; x_wconf 84' lang='lat' dir='ltr'>estanno</span> <span class='ocrx_word' id='word_1_147' title='bbox 679 1515 726 1547; x_wconf 80' lang='lat' dir='ltr'>vitae</span> <span class='ocrx_word' id='word_1_148' title='bbox 739 1515 776 1547; x_wconf 85' lang='lat' dir='ltr'>eius</span> <span class='ocrx_word' id='word_1_149' title='bbox 790 1513 834 1547; x_wconf 85' lang='lat' dir='ltr'>Gmo</span> 
     </span>
     <span class='ocr_line' id='line_1_16' title="bbox 66 1561 835 1604; baseline -0.001 -10"><span class='ocrx_word' id='word_1_150' title='bbox 66 1567 83 1594; x_wconf 90' lang='lat' dir='ltr'>et</span> <span class='ocrx_word' id='word_1_151' title='bbox 95 1562 167 1594; x_wconf 87' lang='lat' dir='ltr'>XXmo.</span> <span class='ocrx_word' id='word_1_152' title='bbox 180 1561 240 1594; x_wconf 81' lang='lat' dir='ltr'>Merx:</span> <span class='ocrx_word' id='word_1_153' title='bbox 252 1561 276 1593; x_wconf 83' lang='lat' dir='ltr'>Et</span> <span class='ocrx_word' id='word_1_154' title='bbox 287 1561 355 1594; x_wconf 78' lang='lat' dir='ltr'>iachim</span> <span class='ocrx_word' id='word_1_155' title='bbox 364 1565 391 1594; x_wconf 92' lang='lat' dir='ltr'>est</span> <span class='ocrx_word' id='word_1_156' title='bbox 402 1571 448 1594; x_wconf 84' lang='lat' dir='ltr'>anno</span> <span class='ocrx_word' id='word_1_157' title='bbox 458 1561 521 1593; x_wconf 82' lang='lat' dir='ltr'>aetatis</span> <span class='ocrx_word' id='word_1_158' title='bbox 529 1561 577 1594; x_wconf 90' lang='lat' dir='ltr'>Mosi</span> <span class='ocrx_word' id='word_1_159' title='bbox 586 1562 681 1594; x_wconf 85' lang='lat' dir='ltr'>centesimo</span> <span class='ocrx_word' id='word_1_160' title='bbox 691 1566 708 1593; x_wconf 86' lang='lat' dir='ltr'>et</span> <span class='ocrx_word' id='word_1_161' title='bbox 716 1562 803 1604; x_wconf 81' lang='lat' dir='ltr'>vigesimo</span> <span class='ocrx_word' id='word_1_162' title='bbox 812 1580 835 1586; x_wconf 96' lang='lat'><strong>—</strong></span> 
     </span>
     <span class='ocr_line' id='line_1_17' title="bbox 66 1608 835 1651; baseline -0.001 -9"><span class='ocrx_word' id='word_1_163' title='bbox 66 1611 83 1643; x_wconf 81' lang='lat'>3.</span> <span class='ocrx_word' id='word_1_164' title='bbox 100 1610 151 1642; x_wconf 87' lang='lat' dir='ltr'>loeus</span> <span class='ocrx_word' id='word_1_165' title='bbox 166 1610 218 1641; x_wconf 83' lang='lat' dir='ltr'>valde</span> <span class='ocrx_word' id='word_1_166' title='bbox 235 1610 329 1649; x_wconf 78' lang='lat' dir='ltr'>obscurus,</span> <span class='ocrx_word' id='word_1_167' title='bbox 346 1619 398 1651; x_wconf 85' lang='lat' dir='ltr'>quem</span> <span class='ocrx_word' id='word_1_168' title='bbox 414 1610 435 1641; x_wconf 87' lang='lat' dir='ltr'>ab</span> <span class='ocrx_word' id='word_1_169' title='bbox 451 1608 510 1640; x_wconf 84' lang='lat' dir='ltr'>aliena</span> <span class='ocrx_word' id='word_1_170' title='bbox 521 1618 574 1640; x_wconf 87' lang='lat' dir='ltr'>manu</span> <span class='ocrx_word' id='word_1_171' title='bbox 587 1609 666 1641; x_wconf 83' lang='lat' dir='ltr'>additum</span> <span class='ocrx_word' id='word_1_172' title='bbox 680 1619 718 1642; x_wconf 89' lang='lat' dir='ltr'>esse</span> <span class='ocrx_word' id='word_1_173' title='bbox 730 1615 835 1651; x_wconf 86' lang='lat' dir='ltr'>argumenta</span> 
     </span>
     <span class='ocr_line' id='line_1_18' title="bbox 66 1655 834 1699; baseline 0 -11"><span class='ocrx_word' id='word_1_174' title='bbox 66 1657 160 1689; x_wconf 86' lang='lat' dir='ltr'>Volkmari</span> <span class='ocrx_word' id='word_1_175' title='bbox 172 1657 184 1688; x_wconf 96' lang='lat' dir='ltr'>l.</span> <span class='ocrx_word' id='word_1_176' title='bbox 197 1657 209 1688; x_wconf 91' lang='lat' dir='ltr'>l.</span> <span class='ocrx_word' id='word_1_177' title='bbox 222 1667 238 1699; x_wconf 86' lang='lat' dir='ltr'>p.</span> <span class='ocrx_word' id='word_1_178' title='bbox 254 1658 281 1689; x_wconf 89' lang='grc'>18.</span> <span class='ocrx_word' id='word_1_179' title='bbox 294 1666 307 1689; x_wconf 87' lang='lat' dir='ltr'>s.</span> <span class='ocrx_word' id='word_1_180' title='bbox 321 1667 356 1688; x_wconf 88' lang='lat' dir='ltr'>non</span> <span class='ocrx_word' id='word_1_181' title='bbox 369 1655 449 1698; x_wconf 88' lang='lat' dir='ltr'>probant.</span> <span class='ocrx_word' id='word_1_182' title='bbox 462 1655 581 1697; x_wconf 82' lang='lat' dir='ltr'>adstipulatur</span> <span class='ocrx_word' id='word_1_183' title='bbox 593 1661 652 1687; x_wconf 85' lang='lat' dir='ltr'>tamen</span> <span class='ocrx_word' id='word_1_184' title='bbox 664 1656 763 1689; x_wconf 81' lang='lat' dir='ltr'>Volkmaro</span> <span class='ocrx_word' id='word_1_185' title='bbox 776 1656 834 1697; x_wconf 80' lang='lat' dir='ltr'>Merx,</span> 
     </span>
     <span class='ocr_line' id='line_1_19' title="bbox 66 1703 835 1745; baseline 0 -9"><span class='ocrx_word' id='word_1_186' title='bbox 66 1705 102 1736; x_wconf 88' lang='lat' dir='ltr'>nisi</span> <span class='ocrx_word' id='word_1_187' title='bbox 114 1704 162 1745; x_wconf 88' lang='lat' dir='ltr'>quod</span> <span class='ocrx_word' id='word_1_188' title='bbox 170 1704 228 1735; x_wconf 78' lang='lat' dir='ltr'>verbis</span> <span class='ocrx_word' id='word_1_189' title='bbox 237 1704 352 1745; x_wconf 82' lang='lat' dir='ltr'>profectionis</span> <span class='ocrx_word' id='word_1_190' title='bbox 361 1703 442 1745; x_wconf 74' lang='lat' dir='ltr'>Fynices,</span> <span class='ocrx_word' id='word_1_191' title='bbox 456 1712 501 1744; x_wconf 87' lang='lat' dir='ltr'>quae</span> <span class='ocrx_word' id='word_1_192' title='bbox 510 1704 579 1743; x_wconf 82' lang='lat' dir='ltr'>retinet,</span> <span class='ocrx_word' id='word_1_193' title='bbox 592 1704 685 1745; x_wconf 72' lang='lat' dir='ltr'>praemisit</span> <span class='ocrx_word' id='word_1_194' title='bbox 698 1714 720 1736; x_wconf 90' lang='lat' dir='ltr'>ex</span> <span class='ocrx_word' id='word_1_195' title='bbox 733 1704 835 1736; x_wconf 85' lang='lat' dir='ltr'>coniectura</span> 
     </span>
     <span class='ocr_line' id='line_1_20' title="bbox 66 1750 836 1793; baseline 0 -10"><span class='ocrx_word' id='word_1_196' title='bbox 66 1761 129 1783; x_wconf 89' lang='lat' dir='ltr'>vocem</span> <span class='ocrx_word' id='word_1_197' title='bbox 144 1750 285 1793; x_wconf 81' lang='lat' dir='ltr'>quadragesimo.</span> <span class='ocrx_word' id='word_1_198' title='bbox 305 1769 327 1774; x_wconf 88' lang='lat'>—</span> <span class='ocrx_word' id='word_1_199' title='bbox 346 1751 523 1782; x_wconf 88' lang='lat' dir='ltr'>secus=secundum</span> <span class='ocrx_word' id='word_1_200' title='bbox 540 1768 564 1774; x_wconf 81' lang='lat'>-</span> <span class='ocrx_word' id='word_1_201' title='bbox 582 1751 628 1783; x_wconf 91' lang='lat' dir='ltr'>male</span> <span class='ocrx_word' id='word_1_202' title='bbox 639 1750 694 1793; x_wconf 76' lang='lat' dir='ltr'>vulgo</span> <span class='ocrx_word' id='word_1_203' title='bbox 707 1752 762 1783; x_wconf 84' lang='lat' dir='ltr'>scribi</span> <span class='ocrx_word' id='word_1_204' title='bbox 773 1751 836 1783; x_wconf 87' lang='lat' dir='ltr'>volunt</span> 
     </span>
     <span class='ocr_line' id='line_1_21' title="bbox 66 1797 836 1840; baseline 0 -9"><span class='ocrx_word' id='word_1_205' title='bbox 66 1808 155 1840; x_wconf 85' lang='lat' dir='ltr'>numeros,</span> <span class='ocrx_word' id='word_1_206' title='bbox 168 1802 187 1830; x_wconf 89' lang='lat' dir='ltr'>tu</span> <span class='ocrx_word' id='word_1_207' title='bbox 200 1799 278 1840; x_wconf 87' lang='lat' dir='ltr'>explica:</span> <span class='ocrx_word' id='word_1_208' title='bbox 291 1807 342 1830; x_wconf 88' lang='lat' dir='ltr'>secus</span> <span class='ocrx_word' id='word_1_209' title='bbox 355 1807 385 1830; x_wconf 89' lang='lat' dir='ltr'>eos</span> <span class='ocrx_word' id='word_1_210' title='bbox 399 1798 429 1839; x_wconf 87' lang='lat' dir='ltr'>qni</span> <span class='ocrx_word' id='word_1_211' title='bbox 441 1797 460 1829; x_wconf 88' lang='lat' dir='ltr'>in</span> <span class='ocrx_word' id='word_1_212' title='bbox 472 1807 498 1830; x_wconf 90' lang='lat' dir='ltr'>or.</span> <span class='ocrx_word' id='word_1_213' title='bbox 512 1801 552 1829; x_wconf 88' lang='lat' dir='ltr'>sunt</span> <span class='ocrx_word' id='word_1_214' title='bbox 563 1808 648 1830; x_wconf 86' lang='lat' dir='ltr'>numerus</span> <span class='ocrx_word' id='word_1_215' title='bbox 661 1803 693 1830; x_wconf 86' lang='lat' dir='ltr'>est.</span> <span class='ocrx_word' id='word_1_216' title='bbox 706 1799 732 1830; x_wconf 87' lang='lat' dir='ltr'>ita</span> <span class='ocrx_word' id='word_1_217' title='bbox 743 1799 778 1831; x_wconf 89' lang='lat' dir='ltr'>iam</span> <span class='ocrx_word' id='word_1_218' title='bbox 786 1799 836 1831; x_wconf 91' lang='lat' dir='ltr'>Wie-</span> 
     </span>
     <span class='ocr_line' id='line_1_22' title="bbox 68 1844 835 1888; baseline 0 -10"><span class='ocrx_word' id='word_1_219' title='bbox 68 1845 253 1887; x_wconf 74' lang='lat' dir='ltr'>selerl.1.p,630.,</span> <span class='ocrx_word' id='word_1_220' title='bbox 268 1845 304 1877; x_wconf 90' lang='lat' dir='ltr'>nisi</span> <span class='ocrx_word' id='word_1_221' title='bbox 320 1845 368 1887; x_wconf 85' lang='lat' dir='ltr'>quod</span> <span class='ocrx_word' id='word_1_222' title='bbox 383 1845 437 1876; x_wconf 81' lang='lat' dir='ltr'>scribi</span> <span class='ocrx_word' id='word_1_223' title='bbox 452 1845 490 1876; x_wconf 88' lang='lat' dir='ltr'>vult</span> <span class='ocrx_word' id='word_1_224' title='bbox 501 1850 603 1877; x_wconf 82' lang='lat' dir='ltr'>numeratur</span> <span class='ocrx_word' id='word_1_225' title='bbox 615 1844 661 1888; x_wconf 86' lang='lat' dir='ltr'>(scil.</span> <span class='ocrx_word' id='word_1_226' title='bbox 675 1846 743 1887; x_wconf 84' lang='lat' dir='ltr'>annus).</span> <span class='ocrx_word' id='word_1_227' title='bbox 761 1865 784 1870; x_wconf 91' lang='lat'><em>-</em></span> <span class='ocrx_word' id='word_1_228' title='bbox 802 1856 835 1887; x_wconf 85' lang='lat' dir='ltr'>pro</span> 
     </span>
     <span class='ocr_line' id='line_1_23' title="bbox 66 1891 836 1936; baseline 0.003 -12"><span class='ocrx_word' id='word_1_229' title='bbox 66 1894 131 1936; x_wconf 83' lang='lat' dir='ltr'>fynieis</span> <span class='ocrx_word' id='word_1_230' title='bbox 148 1902 210 1935; x_wconf 79' lang='lat' dir='ltr'>graece</span> <span class='ocrx_word' id='word_1_231' title='bbox 226 1891 310 1934; x_wconf 80' lang='grc' dir='ltr'><strong>Φοινίκης</strong></span> <span class='ocrx_word' id='word_1_232' title='bbox 326 1893 410 1933; x_wconf 85' lang='lat' dir='ltr'>scriptum</span> <span class='ocrx_word' id='word_1_233' title='bbox 425 1891 480 1924; x_wconf 82' lang='lat' dir='ltr'>fuisse</span> <span class='ocrx_word' id='word_1_234' title='bbox 497 1892 543 1924; x_wconf 80' lang='lat' dir='ltr'>Alfr.</span> <span class='ocrx_word' id='word_1_235' title='bbox 560 1893 581 1924; x_wconf 89' lang='lat' dir='ltr'>de</span> <span class='ocrx_word' id='word_1_236' title='bbox 598 1892 703 1925; x_wconf 82' lang='lat' dir='ltr'>Gutsehmid</span> <span class='ocrx_word' id='word_1_237' title='bbox 718 1894 785 1935; x_wconf 87' lang='lat' dir='ltr'>primus</span> <span class='ocrx_word' id='word_1_238' title='bbox 798 1904 836 1935; x_wconf 86' lang='lat' dir='ltr'>per-</span> 
     </span>
     <span class='ocr_line' id='line_1_24' title="bbox 68 1938 837 1983; baseline 0.001 -11"><span class='ocrx_word' id='word_1_239' title='bbox 68 1941 131 1983; x_wconf 80' lang='lat' dir='ltr'>spexit,</span> <span class='ocrx_word' id='word_1_240' title='bbox 145 1940 167 1972; x_wconf 87' lang='lat' dir='ltr'>ef.</span> <span class='ocrx_word' id='word_1_241' title='bbox 180 1940 298 1981; x_wconf 85' lang='lat' dir='ltr'>Eupolemum</span> <span class='ocrx_word' id='word_1_242' title='bbox 311 1949 338 1981; x_wconf 89' lang='lat' dir='ltr'>ap.</span> <span class='ocrx_word' id='word_1_243' title='bbox 351 1939 416 1971; x_wconf 83' lang='lat' dir='ltr'>Euseh.</span> <span class='ocrx_word' id='word_1_244' title='bbox 427 1938 491 1981; x_wconf 85' lang='lat' dir='ltr'>Praep.</span> <span class='ocrx_word' id='word_1_245' title='bbox 504 1939 537 1971; x_wconf 76' lang='lat' dir='ltr'>Er.</span> <span class='ocrx_word' id='word_1_246' title='bbox 550 1940 567 1981; x_wconf 73' lang='grc'>9,</span> <span class='ocrx_word' id='word_1_247' title='bbox 581 1941 608 1980; x_wconf 78' lang='grc'>17,</span> <span class='ocrx_word' id='word_1_248' title='bbox 622 1942 638 1972; x_wconf 76' lang='grc'>2.</span> <span class='ocrx_word' id='word_1_249' title='bbox 651 1940 733 1982; x_wconf 83' lang='lat' dir='ltr'>intellige</span> <span class='ocrx_word' id='word_1_250' title='bbox 741 1941 837 1983; x_wconf 84' lang='lat' dir='ltr'>profectio-</span> 
     </span>
     <span class='ocr_line' id='line_1_25' title="bbox 67 1985 837 2030; baseline 0 -10"><span class='ocrx_word' id='word_1_251' title='bbox 67 1998 108 2020; x_wconf 90' lang='lat' dir='ltr'>nem</span> <span class='ocrx_word' id='word_1_252' title='bbox 121 1987 219 2019; x_wconf 84' lang='lat' dir='ltr'>Abrahami</span> <span class='ocrx_word' id='word_1_253' title='bbox 233 1988 253 2019; x_wconf 90' lang='lat' dir='ltr'>in</span> <span class='ocrx_word' id='word_1_254' title='bbox 267 1987 370 2019; x_wconf 85' lang='lat' dir='ltr'>Phoenicen</span> <span class='ocrx_word' id='word_1_255' title='bbox 386 1985 482 2030; x_wconf 75' lang='lat' dir='ltr'>(Canaan),</span> <span class='ocrx_word' id='word_1_256' title='bbox 500 1997 557 2029; x_wconf 87' lang='lat' dir='ltr'>neque</span> <span class='ocrx_word' id='word_1_257' title='bbox 572 1997 614 2020; x_wconf 81' lang='lat' dir='ltr'>vero</span> <span class='ocrx_word' id='word_1_258' title='bbox 631 1998 671 2020; x_wconf 89' lang='lat' dir='ltr'>eum</span> <span class='ocrx_word' id='word_1_259' title='bbox 683 1988 781 2021; x_wconf 84' lang='lat' dir='ltr'>Volkmaro</span> <span class='ocrx_word' id='word_1_260' title='bbox 797 1999 837 2030; x_wconf 88' lang='lat' dir='ltr'>pro-</span> 
     </span>
     <span class='ocr_line' id='line_1_26' title="bbox 67 2033 838 2078; baseline 0.001 -11"><span class='ocrx_word' id='word_1_261' title='bbox 67 2035 164 2068; x_wconf 74' lang='lat' dir='ltr'>fectionem</span> <span class='ocrx_word' id='word_1_262' title='bbox 182 2033 281 2067; x_wconf 87' lang='lat' dir='ltr'>Phoenices</span> <span class='ocrx_word' id='word_1_263' title='bbox 300 2034 388 2075; x_wconf 71' lang='lat' dir='ltr'>(canaan,</span> <span class='ocrx_word' id='word_1_264' title='bbox 404 2035 416 2066; x_wconf 88' lang='lat' dir='ltr'>i.</span> <span class='ocrx_word' id='word_1_265' title='bbox 434 2044 448 2066; x_wconf 91' lang='grc' dir='ltr'>θ.</span> <span class='ocrx_word' id='word_1_266' title='bbox 463 2034 593 2076; x_wconf 81' lang='lat' dir='ltr'>israelitarum)</span> <span class='ocrx_word' id='word_1_267' title='bbox 612 2036 631 2067; x_wconf 89' lang='lat' dir='ltr'>iu</span> <span class='ocrx_word' id='word_1_268' title='bbox 650 2036 756 2078; x_wconf 69' lang='lat' dir='ltr'>Aegyptum.</span> <span class='ocrx_word' id='word_1_269' title='bbox 777 2040 838 2068; x_wconf 88' lang='lat' dir='ltr'>nostra</span> 
     </span>
     <span class='ocr_line' id='line_1_27' title="bbox 67 2081 838 2125; baseline 0.001 -11"><span class='ocrx_word' id='word_1_270' title='bbox 67 2082 189 2125; x_wconf 79' lang='lat' dir='ltr'>interpretatio</span> <span class='ocrx_word' id='word_1_271' title='bbox 209 2082 225 2114; x_wconf 91' lang='lat' dir='ltr'>si</span> <span class='ocrx_word' id='word_1_272' title='bbox 242 2091 284 2114; x_wconf 83' lang='lat' dir='ltr'>vera</span> <span class='ocrx_word' id='word_1_273' title='bbox 301 2086 335 2122; x_wconf 82' lang='lat' dir='ltr'>est,</span> <span class='ocrx_word' id='word_1_274' title='bbox 354 2082 450 2114; x_wconf 89' lang='lat' dir='ltr'>seeundum</span> <span class='ocrx_word' id='word_1_275' title='bbox 468 2081 508 2114; x_wconf 86' lang='lat' dir='ltr'>Vet.</span> <span class='ocrx_word' id='word_1_276' title='bbox 527 2082 576 2114; x_wconf 83' lang='lat' dir='ltr'>Test.</span> <span class='ocrx_word' id='word_1_277' title='bbox 594 2092 677 2115; x_wconf 88' lang='lat' dir='ltr'>numerus</span> <span class='ocrx_word' id='word_1_278' title='bbox 696 2087 734 2115; x_wconf 87' lang='lat' dir='ltr'>erat</span> <span class='ocrx_word' id='word_1_279' title='bbox 752 2093 838 2116; x_wconf 87' lang='lat' dir='ltr'>annorum</span> 
     </span>
     <span class='ocr_line' id='line_1_28' title="bbox 68 2129 838 2170; baseline 0.001 -8"><span class='ocrx_word' id='word_1_280' title='bbox 68 2129 198 2170; x_wconf 83' lang='lat' dir='ltr'>DOLXXXV,</span> <span class='ocrx_word' id='word_1_281' title='bbox 215 2130 311 2162; x_wconf 88' lang='lat' dir='ltr'>secundum</span> <span class='ocrx_word' id='word_1_282' title='bbox 326 2139 368 2161; x_wconf 90' lang='lat' dir='ltr'>vero</span> <span class='ocrx_word' id='word_1_283' title='bbox 384 2129 442 2161; x_wconf 85' lang='lat' dir='ltr'>Exod.</span> <span class='ocrx_word' id='word_1_284' title='bbox 460 2131 488 2169; x_wconf 74' lang='lat'>12,</span> <span class='ocrx_word' id='word_1_285' title='bbox 503 2131 532 2162; x_wconf 85' lang='lat'>40.</span> <span class='ocrx_word' id='word_1_286' title='bbox 548 2129 606 2163; x_wconf 83' lang='lat' dir='ltr'>LXX.</span> <span class='ocrx_word' id='word_1_287' title='bbox 622 2129 743 2163; x_wconf 81' lang='lat' dir='ltr'>GCOCLXX.</span> <span class='ocrx_word' id='word_1_288' title='bbox 760 2136 838 2163; x_wconf 87' lang='lat' dir='ltr'>ceterum</span> 
     </span>
     <span class='ocr_line' id='line_1_29' title="bbox 69 2175 839 2220; baseline 0.001 -11"><span class='ocrx_word' id='word_1_289' title='bbox 69 2178 171 2219; x_wconf 82' lang='lat' dir='ltr'>scriptorem</span> <span class='ocrx_word' id='word_1_290' title='bbox 186 2177 273 2209; x_wconf 81' lang='lat' dir='ltr'>hocloco</span> <span class='ocrx_word' id='word_1_291' title='bbox 286 2177 308 2209; x_wconf 90' lang='lat' dir='ltr'>de</span> <span class='ocrx_word' id='word_1_292' title='bbox 320 2176 420 2218; x_wconf 82' lang='lat' dir='ltr'>Phoenice,</span> <span class='ocrx_word' id='word_1_293' title='bbox 433 2178 461 2209; x_wconf 86' lang='lat' dir='ltr'>avi</span> <span class='ocrx_word' id='word_1_294' title='bbox 473 2176 564 2218; x_wconf 77' lang='lat' dir='ltr'>fabulosa,</span> <span class='ocrx_word' id='word_1_295' title='bbox 580 2178 601 2210; x_wconf 83' lang='lat' dir='ltr'>ci.</span> <span class='ocrx_word' id='word_1_296' title='bbox 615 2175 670 2211; x_wconf 78' lang='lat' dir='ltr'>Clem.</span> <span class='ocrx_word' id='word_1_297' title='bbox 682 2177 734 2210; x_wconf 87' lang='lat' dir='ltr'>Rom.</span> <span class='ocrx_word' id='word_1_298' title='bbox 749 2188 775 2220; x_wconf 91' lang='lat' dir='ltr'>ep.</span> <span class='ocrx_word' id='word_1_299' title='bbox 787 2179 802 2210; x_wconf 92' lang='lat' dir='ltr'>I.</span> <span class='ocrx_word' id='word_1_300' title='bbox 816 2178 839 2211; x_wconf 86' lang='lat' dir='ltr'>ad</span> 
     </span>
     <span class='ocr_line' id='line_1_30' title="bbox 70 2223 840 2268; baseline 0.003 -12"><span class='ocrx_word' id='word_1_301' title='bbox 70 2224 111 2257; x_wconf 84' lang='lat' dir='ltr'>Cor.</span> <span class='ocrx_word' id='word_1_302' title='bbox 128 2235 141 2257; x_wconf 92' lang='lat' dir='ltr'>e.</span> <span class='ocrx_word' id='word_1_303' title='bbox 158 2224 185 2256; x_wconf 80' lang='lat'>25.</span> <span class='ocrx_word' id='word_1_304' title='bbox 202 2230 219 2255; x_wconf 88' lang='lat' dir='ltr'>et</span> <span class='ocrx_word' id='word_1_305' title='bbox 233 2223 288 2266; x_wconf 89' lang='lat' dir='ltr'>Piper</span> <span class='ocrx_word' id='word_1_306' title='bbox 302 2224 414 2266; x_wconf 82' lang='lat' dir='ltr'>lllythologie</span> <span class='ocrx_word' id='word_1_307' title='bbox 429 2225 461 2256; x_wconf 88' lang='lat' dir='ltr'>der</span> <span class='ocrx_word' id='word_1_308' title='bbox 478 2225 545 2256; x_wconf 82' lang='lat' dir='ltr'>christi.</span> <span class='ocrx_word' id='word_1_309' title='bbox 559 2225 618 2257; x_wconf 84' lang='lat' dir='ltr'>Knnst</span> <span class='ocrx_word' id='word_1_310' title='bbox 634 2227 649 2258; x_wconf 89' lang='lat'>1.</span> <span class='ocrx_word' id='word_1_311' title='bbox 662 2236 679 2268; x_wconf 88' lang='lat' dir='ltr'>p.</span> <span class='ocrx_word' id='word_1_312' title='bbox 691 2226 733 2258; x_wconf 75' lang='lat'>446.</span> <span class='ocrx_word' id='word_1_313' title='bbox 746 2236 776 2265; x_wconf 79' lang='lat' dir='ltr'>ss,</span> <span class='ocrx_word' id='word_1_314' title='bbox 788 2226 840 2268; x_wconf 84' lang='lat' dir='ltr'>loqui</span> 
     </span>
     <span class='ocr_line' id='line_1_31' title="bbox 68 2271 839 2314; baseline 0.001 -10"><span class='ocrx_word' id='word_1_315' title='bbox 68 2271 180 2313; x_wconf 80' lang='lat' dir='ltr'>Hilgenfeldi</span> <span class='ocrx_word' id='word_1_316' title='bbox 198 2276 225 2303; x_wconf 85' lang='lat' dir='ltr'>est</span> <span class='ocrx_word' id='word_1_317' title='bbox 243 2273 329 2304; x_wconf 79' lang='lat' dir='ltr'>sententia</span> <span class='ocrx_word' id='word_1_318' title='bbox 343 2272 392 2304; x_wconf 86' lang='lat' dir='ltr'>haud</span> <span class='ocrx_word' id='word_1_319' title='bbox 405 2272 513 2314; x_wconf 85' lang='lat' dir='ltr'>probabilis,</span> <span class='ocrx_word' id='word_1_320' title='bbox 530 2273 605 2314; x_wconf 86' lang='lat' dir='ltr'>probata</span> <span class='ocrx_word' id='word_1_321' title='bbox 620 2276 679 2305; x_wconf 91' lang='lat' dir='ltr'>tamen</span> <span class='ocrx_word' id='word_1_322' title='bbox 694 2273 798 2305; x_wconf 88' lang='lat' dir='ltr'>Wieselero.</span> <span class='ocrx_word' id='word_1_323' title='bbox 816 2292 839 2296; x_wconf 92' lang='lat'><em>-</em></span> 
     </span>
     <span class='ocr_line' id='line_1_32' title="bbox 69 2319 839 2363; baseline -0.001 -10"><span class='ocrx_word' id='word_1_324' title='bbox 69 2321 87 2353; x_wconf 86' lang='grc'>4.</span> <span class='ocrx_word' id='word_1_325' title='bbox 99 2319 181 2358; x_wconf 71' lang='grc' dir='ltr'>Αωωοη,</span> <span class='ocrx_word' id='word_1_326' title='bbox 198 2319 219 2351; x_wconf 81' lang='lat' dir='ltr'>cf.</span> <span class='ocrx_word' id='word_1_327' title='bbox 232 2319 285 2351; x_wconf 83' lang='lat' dir='ltr'>Dent.</span> <span class='ocrx_word' id='word_1_328' title='bbox 300 2322 316 2357; x_wconf 71' lang='lat'>2,</span> <span class='ocrx_word' id='word_1_329' title='bbox 329 2319 357 2352; x_wconf 78' lang='lat'>37.</span> <span class='ocrx_word' id='word_1_330' title='bbox 374 2320 390 2360; x_wconf 80' lang='lat'>3,</span> <span class='ocrx_word' id='word_1_331' title='bbox 404 2320 440 2359; x_wconf 75' lang='lat'>16.;</span> <span class='ocrx_word' id='word_1_332' title='bbox 457 2329 526 2351; x_wconf 83' lang='lat' dir='ltr'>errasse</span> <span class='ocrx_word' id='word_1_333' title='bbox 539 2321 619 2362; x_wconf 88' lang='lat' dir='ltr'>suspieor</span> <span class='ocrx_word' id='word_1_334' title='bbox 632 2321 671 2353; x_wconf 87' lang='lat' dir='ltr'>sive</span> <span class='ocrx_word' id='word_1_335' title='bbox 683 2321 788 2363; x_wconf 87' lang='lat' dir='ltr'>scriptorem</span> <span class='ocrx_word' id='word_1_336' title='bbox 801 2322 839 2352; x_wconf 89' lang='lat' dir='ltr'>sive</span> 
     </span>
     <span class='ocr_line' id='line_1_33' title="bbox 69 2365 840 2410; baseline 0.001 -11"><span class='ocrx_word' id='word_1_337' title='bbox 69 2367 188 2408; x_wconf 76' lang='lat' dir='ltr'>interpretem,</span> <span class='ocrx_word' id='word_1_338' title='bbox 203 2365 224 2398; x_wconf 85' lang='lat' dir='ltr'>ci.</span> <span class='ocrx_word' id='word_1_339' title='bbox 236 2366 290 2398; x_wconf 87' lang='lat' dir='ltr'>Dent.</span> <span class='ocrx_word' id='word_1_340' title='bbox 305 2370 320 2408; x_wconf 90' lang='grc'>1,</span> <span class='ocrx_word' id='word_1_341' title='bbox 334 2368 385 2399; x_wconf 79' lang='lat'>1-5.</span> <span class='ocrx_word' id='word_1_342' title='bbox 399 2366 427 2408; x_wconf 80' lang='lat'>34,</span> <span class='ocrx_word' id='word_1_343' title='bbox 441 2370 457 2399; x_wconf 81' lang='grc'>1,</span> <span class='ocrx_word' id='word_1_344' title='bbox 471 2367 486 2399; x_wconf 82' lang='lat'>5.</span> <span class='ocrx_word' id='word_1_345' title='bbox 500 2385 522 2392; x_wconf 83' lang='lat'>—</span> <span class='ocrx_word' id='word_1_346' title='bbox 540 2368 556 2399; x_wconf 74' lang='grc' dir='ltr'>ὁ.</span> <span class='ocrx_word' id='word_1_347' title='bbox 569 2367 665 2410; x_wconf 84' lang='lat' dir='ltr'>profetiae]</span> <span class='ocrx_word' id='word_1_348' title='bbox 675 2368 756 2410; x_wconf 77' lang='lat' dir='ltr'>profetia,</span> <span class='ocrx_word' id='word_1_349' title='bbox 767 2368 840 2409; x_wconf 84' lang='lat' dir='ltr'>Hilgen-</span> 
     </span>
     <span class='ocr_line' id='line_1_34' title="bbox 70 2413 839 2457; baseline 0.003 -12"><span class='ocrx_word' id='word_1_350' title='bbox 70 2413 109 2446; x_wconf 76' lang='lat' dir='ltr'>feld</span> <span class='ocrx_word' id='word_1_351' title='bbox 120 2431 143 2437; x_wconf 88' lang='lat'>—</span> <span class='ocrx_word' id='word_1_352' title='bbox 158 2413 217 2445; x_wconf 84' lang='lat' dir='ltr'>factae</span> <span class='ocrx_word' id='word_1_353' title='bbox 233 2418 274 2445; x_wconf 85' lang='lat' dir='ltr'>sunt</span> <span class='ocrx_word' id='word_1_354' title='bbox 289 2424 322 2456; x_wconf 82' lang='lat' dir='ltr'>ego</span> <span class='ocrx_word' id='word_1_355' title='bbox 338 2414 401 2457; x_wconf 83' lang='lat' dir='ltr'>scripsi</span> <span class='ocrx_word' id='word_1_356' title='bbox 417 2424 440 2446; x_wconf 87' lang='lat' dir='ltr'>ex</span> <span class='ocrx_word' id='word_1_357' title='bbox 456 2414 588 2455; x_wconf 81' lang='lat' dir='ltr'>emendatione,</span> <span class='ocrx_word' id='word_1_358' title='bbox 604 2416 643 2447; x_wconf 81' lang='lat' dir='ltr'>cod.</span> <span class='ocrx_word' id='word_1_359' title='bbox 659 2415 764 2457; x_wconf 79' lang='lat' dir='ltr'>quaefacta</span> <span class='ocrx_word' id='word_1_360' title='bbox 777 2420 804 2447; x_wconf 80' lang='lat' dir='ltr'>est</span> <span class='ocrx_word' id='word_1_361' title='bbox 817 2434 839 2439; x_wconf 98' lang='lat'>—</span> 
     </span>
    </p>
   </div>
   <div class='ocr_carea' id='block_1_4' title="bbox 14 2461 841 2504">
    <p class='ocr_par' dir='ltr' id='par_1_4' title="bbox 14 2461 841 2504">
     <span class='ocr_line' id='line_1_35' title="bbox 14 2461 841 2504; baseline 0.001 -12"><span class='ocrx_word' id='word_1_362' title='bbox 14 2477 18 2480; x_wconf 78' lang='lat'><em>,</em></span> <span class='ocrx_word' id='word_1_363' title='bbox 70 2461 117 2492; x_wconf 89' lang='lat' dir='ltr'>hunc</span> <span class='ocrx_word' id='word_1_364' title='bbox 129 2470 198 2492; x_wconf 81' lang='lat' dir='ltr'>versum</span> <span class='ocrx_word' id='word_1_365' title='bbox 210 2461 289 2502; x_wconf 88' lang='lat' dir='ltr'>spurium</span> <span class='ocrx_word' id='word_1_366' title='bbox 302 2472 340 2494; x_wconf 87' lang='lat' dir='ltr'>esse</span> <span class='ocrx_word' id='word_1_367' title='bbox 353 2466 371 2493; x_wconf 87' lang='lat' dir='ltr'>et</span> <span class='ocrx_word' id='word_1_368' title='bbox 382 2471 458 2503; x_wconf 87' lang='lat' dir='ltr'>sequens</span> <span class='ocrx_word' id='word_1_369' title='bbox 471 2463 501 2503; x_wconf 87' lang='lat' dir='ltr'>qui</span> <span class='ocrx_word' id='word_1_370' title='bbox 509 2462 560 2494; x_wconf 81' lang='lat' dir='ltr'>Merx</span> <span class='ocrx_word' id='word_1_371' title='bbox 569 2463 636 2494; x_wconf 88' lang='lat' dir='ltr'>nollem</span> <span class='ocrx_word' id='word_1_372' title='bbox 645 2463 725 2494; x_wconf 79' lang='lat' dir='ltr'>dixisset.</span> <span class='ocrx_word' id='word_1_373' title='bbox 738 2481 762 2486; x_wconf 94' lang='lat'>-</span> <span class='ocrx_word' id='word_1_374' title='bbox 775 2466 790 2495; x_wconf 80' lang='lat'>7.</span> <span class='ocrx_word' id='word_1_375' title='bbox 799 2467 841 2504; x_wconf 86' lang='lat' dir='ltr'>post</span> 
     </span>
    </p>
   </div>
   <div class='ocr_carea' id='block_1_5' title="bbox 71 2509 844 2933">
    <p class='ocr_par' dir='ltr' id='par_1_5' title="bbox 71 2509 844 2933">
     <span class='ocr_line' id='line_1_36' title="bbox 71 2509 840 2553; baseline 0.003 -13"><span class='ocrx_word' id='word_1_376' title='bbox 71 2517 163 2540; x_wconf 87' lang='lat' dir='ltr'>successor</span> <span class='ocrx_word' id='word_1_377' title='bbox 174 2512 242 2539; x_wconf 88' lang='lat' dir='ltr'>temere</span> <span class='ocrx_word' id='word_1_378' title='bbox 254 2509 324 2541; x_wconf 83' lang='lat' dir='ltr'>addidit</span> <span class='ocrx_word' id='word_1_379' title='bbox 335 2509 387 2541; x_wconf 90' lang='lat' dir='ltr'>Merx</span> <span class='ocrx_word' id='word_1_380' title='bbox 399 2509 431 2540; x_wconf 86' lang='lat' dir='ltr'>sibi</span> <span class='ocrx_word' id='word_1_381' title='bbox 445 2513 462 2541; x_wconf 89' lang='lat' dir='ltr'>et</span> <span class='ocrx_word' id='word_1_382' title='bbox 475 2513 576 2541; x_wconf 84' lang='lat' dir='ltr'>antecessor</span> <span class='ocrx_word' id='word_1_383' title='bbox 591 2529 615 2533; x_wconf 91' lang='lat'>—</span> <span class='ocrx_word' id='word_1_384' title='bbox 636 2520 688 2542; x_wconf 91' lang='lat' dir='ltr'>scene</span> <span class='ocrx_word' id='word_1_385' title='bbox 700 2510 804 2550; x_wconf 84' lang='lat' dir='ltr'>testimonii,</span> <span class='ocrx_word' id='word_1_386' title='bbox 817 2509 840 2553; x_wconf 72' lang='grc' dir='ltr'>τῇ</span> 
     </span>
     <span class='ocr_line' id='line_1_37' title="bbox 72 2553 840 2600; baseline 0 -11"><span class='ocrx_word' id='word_1_387' title='bbox 72 2556 128 2600; x_wconf 80' lang='grc' dir='ltr'>σκηνῇ</span> <span class='ocrx_word' id='word_1_388' title='bbox 141 2555 171 2588; x_wconf 87' lang='grc' dir='ltr'>τοῦ</span> <span class='ocrx_word' id='word_1_389' title='bbox 186 2553 278 2597; x_wconf 81' lang='grc' dir='ltr'>μαρτυρίου</span> <span class='ocrx_word' id='word_1_390' title='bbox 291 2575 314 2579; x_wconf 82' lang='lat'>—</span> <span class='ocrx_word' id='word_1_391' title='bbox 327 2557 342 2588; x_wconf 87' lang='lat'>8.</span> <span class='ocrx_word' id='word_1_392' title='bbox 354 2556 434 2598; x_wconf 80' lang='lat' dir='ltr'>patribus</span> <span class='ocrx_word' id='word_1_393' title='bbox 443 2555 510 2588; x_wconf 88' lang='lat' dir='ltr'>Merxii</span> <span class='ocrx_word' id='word_1_394' title='bbox 518 2561 545 2588; x_wconf 85' lang='lat' dir='ltr'>est</span> <span class='ocrx_word' id='word_1_395' title='bbox 554 2557 660 2597; x_wconf 84' lang='lat' dir='ltr'>emendatio,</span> <span class='ocrx_word' id='word_1_396' title='bbox 672 2557 710 2590; x_wconf 89' lang='lat' dir='ltr'>eod.</span> <span class='ocrx_word' id='word_1_397' title='bbox 722 2558 809 2590; x_wconf 79' lang='lat' dir='ltr'>extribus</span> <span class='ocrx_word' id='word_1_398' title='bbox 818 2576 840 2580; x_wconf 94' lang='lat'>-</span> 
     </span>
     <span class='ocr_line' id='line_1_38' title="bbox 72 2602 841 2648; baseline 0.001 -12"><span class='ocrx_word' id='word_1_399' title='bbox 72 2604 88 2639; x_wconf 82' lang='grc'>9,</span> <span class='ocrx_word' id='word_1_400' title='bbox 105 2607 146 2645; x_wconf 83' lang='grc' dir='ltr'>ροεῖ</span> <span class='ocrx_word' id='word_1_401' title='bbox 160 2602 195 2634; x_wconf 86' lang='lat' dir='ltr'>illis</span> <span class='ocrx_word' id='word_1_402' title='bbox 210 2602 279 2634; x_wconf 83' lang='lat' dir='ltr'>addidit</span> <span class='ocrx_word' id='word_1_403' title='bbox 290 2603 341 2635; x_wconf 89' lang='lat' dir='ltr'>Merx</span> <span class='ocrx_word' id='word_1_404' title='bbox 357 2609 377 2636; x_wconf 87' lang='lat' dir='ltr'>ut</span> <span class='ocrx_word' id='word_1_405' title='bbox 391 2604 434 2636; x_wconf 89' lang='lat' dir='ltr'>deus</span> <span class='ocrx_word' id='word_1_406' title='bbox 446 2604 491 2645; x_wconf 88' lang='lat' dir='ltr'>illis,</span> <span class='ocrx_word' id='word_1_407' title='bbox 508 2613 529 2636; x_wconf 86' lang='lat' dir='ltr'>ac</span> <span class='ocrx_word' id='word_1_408' title='bbox 542 2604 583 2637; x_wconf 88' lang='lat' dir='ltr'>dein</span> <span class='ocrx_word' id='word_1_409' title='bbox 594 2614 627 2647; x_wconf 90' lang='lat' dir='ltr'>pro</span> <span class='ocrx_word' id='word_1_410' title='bbox 641 2604 689 2646; x_wconf 90' lang='lat' dir='ltr'>quod</span> <span class='ocrx_word' id='word_1_411' title='bbox 702 2605 773 2648; x_wconf 84' lang='lat' dir='ltr'>scripsit</span> <span class='ocrx_word' id='word_1_412' title='bbox 786 2615 841 2647; x_wconf 83' lang='lat' dir='ltr'>quon-</span> 
     </span>
     <span class='ocr_line' id='line_1_39' title="bbox 72 2651 840 2695; baseline -0.001 -11"><span class='ocrx_word' id='word_1_413' title='bbox 72 2652 119 2684; x_wconf 89' lang='lat' dir='ltr'>dam.</span> <span class='ocrx_word' id='word_1_414' title='bbox 131 2669 153 2674; x_wconf 91' lang='lat'>-</span> <span class='ocrx_word' id='word_1_415' title='bbox 166 2651 224 2683; x_wconf 87' lang='lat' dir='ltr'>verbis</span> <span class='ocrx_word' id='word_1_416' title='bbox 238 2655 255 2681; x_wconf 82' lang='lat' dir='ltr'>et</span> <span class='ocrx_word' id='word_1_417' title='bbox 266 2660 298 2692; x_wconf 86' lang='lat' dir='ltr'>per</span> <span class='ocrx_word' id='word_1_418' title='bbox 310 2652 372 2683; x_wconf 84' lang='lat' dir='ltr'>iusinr.</span> <span class='ocrx_word' id='word_1_419' title='bbox 384 2651 471 2683; x_wconf 80' lang='lat' dir='ltr'>Volhmar</span> <span class='ocrx_word' id='word_1_420' title='bbox 483 2661 547 2684; x_wconf 80' lang='lat' dir='ltr'>nova-m</span> <span class='ocrx_word' id='word_1_421' title='bbox 561 2653 666 2685; x_wconf 86' lang='lat' dir='ltr'>sententiam</span> <span class='ocrx_word' id='word_1_422' title='bbox 678 2661 771 2695; x_wconf 82' lang='lat' dir='ltr'>perperam</span> <span class='ocrx_word' id='word_1_423' title='bbox 779 2652 840 2685; x_wconf 89' lang='lat' dir='ltr'>incho-</span> 
     </span>
     <span class='ocr_line' id='line_1_40' title="bbox 72 2698 841 2743; baseline -0.001 -11"><span class='ocrx_word' id='word_1_424' title='bbox 72 2700 114 2732; x_wconf 83' lang='lat' dir='ltr'>avit.</span> <span class='ocrx_word' id='word_1_425' title='bbox 126 2717 148 2722; x_wconf 93' lang='lat'>——</span> <span class='ocrx_word' id='word_1_426' title='bbox 161 2702 202 2741; x_wconf 87' lang='lat' dir='ltr'>post</span> <span class='ocrx_word' id='word_1_427' title='bbox 214 2698 261 2739; x_wconf 91' lang='lat' dir='ltr'>qnod</span> <span class='ocrx_word' id='word_1_428' title='bbox 274 2699 362 2731; x_wconf 76' lang='lat' dir='ltr'>excidisse</span> <span class='ocrx_word' id='word_1_429' title='bbox 375 2700 417 2731; x_wconf 89' lang='lat' dir='ltr'>deus</span> <span class='ocrx_word' id='word_1_430' title='bbox 431 2698 516 2731; x_wconf 81' lang='lat' dir='ltr'>Volknrar</span> <span class='ocrx_word' id='word_1_431' title='bbox 528 2700 605 2732; x_wconf 80' lang='lat' dir='ltr'>fortasse</span> <span class='ocrx_word' id='word_1_432' title='bbox 613 2704 660 2732; x_wconf 86' lang='lat' dir='ltr'>recte</span> <span class='ocrx_word' id='word_1_433' title='bbox 669 2699 720 2741; x_wconf 84' lang='lat' dir='ltr'>dixit,</span> <span class='ocrx_word' id='word_1_434' title='bbox 734 2710 841 2743; x_wconf 83' lang='lat' dir='ltr'>quamquam</span> 
     </span>
     <span class='ocr_line' id='line_1_41' title="bbox 72 2745 842 2789; baseline 0 -10"><span class='ocrx_word' id='word_1_435' title='bbox 72 2747 118 2779; x_wconf 78' lang='lat' dir='ltr'>haex</span> <span class='ocrx_word' id='word_1_436' title='bbox 130 2757 165 2778; x_wconf 86' lang='lat' dir='ltr'>vox</span> <span class='ocrx_word' id='word_1_437' title='bbox 177 2751 235 2777; x_wconf 86' lang='lat' dir='ltr'>mente</span> <span class='ocrx_word' id='word_1_438' title='bbox 248 2746 289 2777; x_wconf 89' lang='lat' dir='ltr'>addi</span> <span class='ocrx_word' id='word_1_439' title='bbox 300 2745 354 2778; x_wconf 82' lang='lat' dir='ltr'>facile</span> <span class='ocrx_word' id='word_1_440' title='bbox 366 2748 430 2788; x_wconf 80' lang='lat' dir='ltr'>potuit,</span> <span class='ocrx_word' id='word_1_441' title='bbox 443 2748 463 2779; x_wconf 88' lang='lat' dir='ltr'>cs.</span> <span class='ocrx_word' id='word_1_442' title='bbox 477 2757 502 2778; x_wconf 74' lang='grc' dir='ltr'>νε,</span> <span class='ocrx_word' id='word_1_443' title='bbox 516 2749 544 2779; x_wconf 75' lang='grc'>17.</span> <span class='ocrx_word' id='word_1_444' title='bbox 560 2766 583 2771; x_wconf 86' lang='grc'>-</span> <span class='ocrx_word' id='word_1_445' title='bbox 601 2749 667 2779; x_wconf 83' lang='lat' dir='ltr'>codex:</span> <span class='ocrx_word' id='word_1_446' title='bbox 681 2748 701 2779; x_wconf 91' lang='lat' dir='ltr'>in</span> <span class='ocrx_word' id='word_1_447' title='bbox 713 2757 783 2789; x_wconf 84' lang='lat' dir='ltr'>scenae,</span> <span class='ocrx_word' id='word_1_448' title='bbox 795 2748 813 2779; x_wconf 86' lang='lat' dir='ltr'>h.</span> <span class='ocrx_word' id='word_1_449' title='bbox 828 2758 842 2779; x_wconf 88' lang='lat' dir='ltr'>e.</span> 
     </span>
     <span class='ocr_line' id='line_1_42' title="bbox 73 2793 842 2839; baseline -0.003 -11"><span class='ocrx_word' id='word_1_450' title='bbox 73 2793 90 2828; x_wconf 76' lang='grc' dir='ltr'>ἐν</span> <span class='ocrx_word' id='word_1_451' title='bbox 106 2795 129 2839; x_wconf 77' lang='grc' dir='ltr'>τῇ</span> <span class='ocrx_word' id='word_1_452' title='bbox 146 2793 202 2838; x_wconf 76' lang='grc' dir='ltr'>σκηνῇ</span> <span class='ocrx_word' id='word_1_453' title='bbox 218 2811 241 2816; x_wconf 91' lang='grc'>-</span> <span class='ocrx_word' id='word_1_454' title='bbox 258 2793 321 2835; x_wconf 84' lang='lat' dir='ltr'>scripsi</span> <span class='ocrx_word' id='word_1_455' title='bbox 337 2803 369 2836; x_wconf 89' lang='lat' dir='ltr'>per</span> <span class='ocrx_word' id='word_1_456' title='bbox 380 2794 448 2834; x_wconf 71' lang='lat' dir='ltr'>Iesum,</span> <span class='ocrx_word' id='word_1_457' title='bbox 466 2793 487 2825; x_wconf 83' lang='lat' dir='ltr'>ei.</span> <span class='ocrx_word' id='word_1_458' title='bbox 500 2794 548 2826; x_wconf 80' lang='lat' dir='ltr'>infra</span> <span class='ocrx_word' id='word_1_459' title='bbox 563 2797 581 2832; x_wconf 75' lang='lat'>2,</span> <span class='ocrx_word' id='word_1_460' title='bbox 593 2797 609 2827; x_wconf 84' lang='lat'>1.</span> <span class='ocrx_word' id='word_1_461' title='bbox 626 2799 643 2827; x_wconf 88' lang='lat' dir='ltr'>et</span> <span class='ocrx_word' id='word_1_462' title='bbox 655 2794 726 2828; x_wconf 77' lang='lat' dir='ltr'>Rbnsch</span> <span class='ocrx_word' id='word_1_463' title='bbox 739 2796 750 2827; x_wconf 92' lang='lat' dir='ltr'>l.</span> <span class='ocrx_word' id='word_1_464' title='bbox 763 2795 775 2826; x_wconf 88' lang='lat' dir='ltr'>l.</span> <span class='ocrx_word' id='word_1_465' title='bbox 790 2795 842 2828; x_wconf 74' lang='lat'>1868.</span> 
     </span>
     <span class='ocr_line' id='line_1_43' title="bbox 73 2837 844 2885; baseline -0.001 -9"><span class='ocrx_word' id='word_1_466' title='bbox 73 2853 90 2885; x_wconf 88' lang='lat' dir='ltr'>p.</span> <span class='ocrx_word' id='word_1_467' title='bbox 104 2843 132 2876; x_wconf 74' lang='lat'>95.</span> <span class='ocrx_word' id='word_1_468' title='bbox 146 2853 168 2883; x_wconf 85' lang='lat' dir='ltr'>s.;</span> <span class='ocrx_word' id='word_1_469' title='bbox 184 2841 248 2874; x_wconf 87' lang='lat' dir='ltr'>codex:</span> <span class='ocrx_word' id='word_1_470' title='bbox 268 2841 290 2873; x_wconf 89' lang='lat' dir='ltr'>de</span> <span class='ocrx_word' id='word_1_471' title='bbox 302 2842 365 2873; x_wconf 87' lang='lat' dir='ltr'>iesum.</span> <span class='ocrx_word' id='word_1_472' title='bbox 378 2852 440 2883; x_wconf 77' lang='lat' dir='ltr'>graece</span> <span class='ocrx_word' id='word_1_473' title='bbox 453 2839 482 2873; x_wconf 76' lang='grc' dir='ltr'>ἐπὶ</span> <span class='ocrx_word' id='word_1_474' title='bbox 492 2837 560 2885; x_wconf 78' lang='grc' dir='ltr'>Ἰησοῦ,</span> <span class='ocrx_word' id='word_1_475' title='bbox 573 2842 618 2874; x_wconf 85' lang='lat' dir='ltr'>duce</span> <span class='ocrx_word' id='word_1_476' title='bbox 630 2842 677 2883; x_wconf 86' lang='lat' dir='ltr'>Iesu,</span> <span class='ocrx_word' id='word_1_477' title='bbox 690 2843 775 2884; x_wconf 87' lang='lat' dir='ltr'>scriptum</span> <span class='ocrx_word' id='word_1_478' title='bbox 787 2843 844 2875; x_wconf 84' lang='lat' dir='ltr'>fuisse</span> 
     </span>
     <span class='ocr_line' id='line_1_44' title="bbox 73 2888 765 2933; baseline -0.001 -10"><span class='ocrx_word' id='word_1_479' title='bbox 73 2893 153 2923; x_wconf 78' lang='lat' dir='ltr'>autumat</span> <span class='ocrx_word' id='word_1_480' title='bbox 164 2890 259 2929; x_wconf 72' lang='lat' dir='ltr'>Volkmar3</span> <span class='ocrx_word' id='word_1_481' title='bbox 273 2888 348 2922; x_wconf 82' lang='lat' dir='ltr'>delenda</span> <span class='ocrx_word' id='word_1_482' title='bbox 360 2889 427 2922; x_wconf 80' lang='lat' dir='ltr'>iudicat</span> <span class='ocrx_word' id='word_1_483' title='bbox 438 2889 483 2921; x_wconf 83' lang='lat' dir='ltr'>haee</span> <span class='ocrx_word' id='word_1_484' title='bbox 495 2890 549 2922; x_wconf 85' lang='lat' dir='ltr'>verba</span> <span class='ocrx_word' id='word_1_485' title='bbox 562 2895 623 2932; x_wconf 86' lang='lat' dir='ltr'>utpote</span> <span class='ocrx_word' id='word_1_486' title='bbox 636 2891 696 2933; x_wconf 82' lang='lat' dir='ltr'>spuria</span> <span class='ocrx_word' id='word_1_487' title='bbox 708 2889 765 2924; x_wconf 82' lang='lat' dir='ltr'>Merx.</span> 
     </span>
    </p>
   </div>
   <div class='ocr_carea' id='block_1_6' title="bbox 0 0 1014 3190">
    <p class='ocr_par' dir='ltr' id='par_1_6' title="bbox 0 0 1014 3190">
     <span class='ocr_line' id='line_1_45' title="bbox 0 0 1014 3190; baseline 0 0"><span class='ocrx_word' id='word_1_488' title='bbox 0 0 1014 3190; x_wconf 95' lang='lat' dir='ltr'> </span> 
     </span>
    </p>
   </div>
  </div>
 </body>
</html>
