1982 3190
145 161 188 204 104
202 160 406 210 nuvae-xnus.
416 161 550 211 Apocalypsis
558 160 644 199 Baruchi
651 160 916 209 XLVLr-axnvssna.

144 276 223 321 tempus
237 282 337 321 praesens,
352 282 416 321 neque
430 270 526 307 memoria
542 270 579 307 erit
593 270 679 319 tempori
692 272 798 320 praesenti,
813 271 869 322 'qnod
884 283 917 309 co·

144 337 268 388 inquinatum
283 340 313 374 est
327 335 390 373 malis.
412 333 469 385 l⁰qui
484 335 536 372 enim
552 335 612 373 cnrrit
624 348 681 384 nnnc,
697 336 723 373 ad
732 336 841 375 vanitatem
851 337 917 384 currit,

146 408 166 441 et
181 404 214 453 qni
228 406 367 453 prosperatur,
383 402 421 439 cito
437 401 514 439 decidet
529 406 548 438 et
562 401 702 441 humiliabitur.
729 400 805 452 11quod
821 404 873 441 enim
887 403 917 440 fn-

145 474 211 506 turum
226 473 261 516 est,
276 467 326 505 illud
337 467 465 515 desideratur,
481 473 501 505 et
511 468 564 518 quod
574 472 645 518 postea
655 468 725 516 reniet,
736 480 794 518 super
803 468 839 506 illo
850 481 917 519 spera-

145 547 198 581 mns,
222 539 252 573 est
269 534 321 571 enim
339 538 416 584 tempus
434 533 488 583 quod
505 545 546 570 non
564 535 686 584 praeteribit.
717 532 761 572 ¹²et
782 534 848 572 veniet
867 535 918 572 hora

145 613 197 650 quae
211 600 300 638 manebit
314 600 336 637 in
351 605 458 646 aeternum,
474 604 493 637 et
508 599 592 637 mundns
607 613 669 639 nouus
679 602 713 651 qui
723 612 757 638 eos
768 600 801 651 qui
810 601 831 638 in
840 600 917 638 initium

147 667 188 705 eius
202 666 352 717 penetraverint
366 678 407 704 non
422 670 524 703 convertet
537 665 559 702 in
574 667 726 716 corruptionem,
742 671 761 704 et
771 678 831 716 super
841 678 874 704 eos
885 667 918 716 qui

145 733 203 771 ibunt
218 733 244 770 ad
258 731 376 782 supplicium
390 743 431 769 non
445 730 577 778 miserebitur,
592 736 612 769 et
626 744 661 770 eos
676 733 709 783 qui
723 733 792 771 vivunt
804 732 826 769 in
841 744 864 769 eo
878 744 918 768 non

147 799 232 837 adducet
250 799 276 836 ad
293 797 429 847 perditionem.
462 795 518 835 1³isti
535 798 588 834 enim
603 803 649 835 sunt
671 799 704 849 qui
725 797 864 836 hereditabunt
880 797 919 834 hoc

146 868 224 912 tempus
240 863 293 913 qnod
308 862 381 900 dictum
396 868 431 909 est,
447 868 466 900 et
481 875 550 900 eorum
565 868 595 901 est
604 862 703 900 hereditas
713 863 808 913 temporis
818 862 919 913 promissi:

149 926 210 967 14isti
236 933 281 967 sunt
307 929 340 979 qui
366 928 504 979 disposuerunt
530 929 568 967 sibi
592 928 730 979 promptuaria
757 929 875 978 sapientiae,
901 934 920 966 et

147 994 235 1032 thesauri
249 993 392 1045 intelligentiae
406 994 459 1044 apud
474 1006 508 1033 eos
523 996 597 1045 reperti
612 1000 662 1043 sunt,
678 1000 698 1032 et
712 1007 725 1031 a
734 994 870 1032 misericordia
879 1008 918 1032 non

147 1065 279 1107 recesserunt,
299 1069 319 1098 et
336 1060 440 1098 veritatem
456 1059 506 1110 legis
521 1061 661 1099 custodierunt.
693 1058 711 1083 1⁵
717 1059 759 1097 istis
775 1061 827 1098 enim
842 1061 920 1098 dabitur

148 1127 232 1164 mundus
247 1131 349 1164 venturus:
368 1125 488 1163 domicilium
502 1130 568 1164 autem
582 1124 704 1175 reliquorum
718 1124 825 1163 multorum
839 1126 860 1163 in
874 1126 920 1177 igne

149 1204 191 1241 erit.
230 1193 306 1241 XLV·
330 1202 372 1241 Vos
390 1214 438 1253 ergo
458 1207 553 1253 qnantum
570 1203 655 1252 potestis
673 1203 804 1240 cohortamini
819 1202 920 1253 populum,

149 1269 195 1319 qnia
212 1270 276 1307 nostri
294 1275 324 1308 est
343 1269 394 1307 enim
408 1268 440 1306 hic
454 1268 517 1306 labor.
547 1265 578 1305 2si
593 1267 644 1305 enim
660 1269 765 1306 docueritis
780 1281 820 1316 eos,
835 1269 921 1306 vivifica-

149 1335 195 1373 bitis
211 1348 251 1374 eos.

207 1463 296 1511 XLVI.
325 1472 352 1511 Et
369 1472 514 1523 responderunt
531 1472 582 1510 filins
600 1483 654 1509 meus
672 1477 692 1508 et
710 1472 797 1510 seniores
815 1472 884 1523 populi
903 1480 922 1511 et

150 1540 243 1578 dixerunt
261 1540 317 1577 mihi:
335 1551 397 1590 usque
412 1538 437 1576 ad
452 1538 563 1576 istiusmodi
577 1537 688 1575 humiliarit
705 1550 741 1575 nos
761 1536 836 1585 Fortis,
854 1543 877 1575 ut
892 1552 922 1575 re-

150 1606 211 1655 cipiat
225 1611 245 1643 te
260 1618 272 1643 a
287 1606 344 1644 nobis
360 1602 411 1642 cito?
427 1602 461 1641 2et
476 1616 521 1642 vere
537 1604 608 1641 erimus
623 1604 644 1640 in
654 1603 746 1651 tenebris,
762 1608 781 1642 et
790 1603 826 1641 lux
835 1605 923 1642 nouerit

149 1672 225 1722 populo
241 1673 275 1722 qui
289 1672 369 1710 relictus
385 1674 420 1708 est.
452 1666 546 1707 ³nbinam
561 1669 613 1707 enim
626 1668 698 1706 iterum
712 1670 834 1720 requiremus
844 1670 923 1721 legem?

151 1742 185 1775 ant
200 1737 290 1788 quisnam
305 1738 403 1776 discernet
417 1736 474 1774 nobis
489 1736 541 1774 inter
555 1740 640 1773 mortem
655 1741 675 1773 et
689 1735 762 1773 vitam?
778 1734 812 1774 4et
828 1735 868 1774 dixi
884 1737 922 1774 eis:

152 1808 221 1841 contra
242 1803 336 1840 thronum
357 1800 424 1839 Fortis
446 1813 487 1838 non
508 1814 589 1852 possum
609 1801 710 1848 resistere3
732 1807 862 1840 veruntamen
883 1815 923 1840 non

151 1870 229 1907 deficiet
243 1867 307 1906 Isra'el
324 1867 411 1916 sapiens,
430 1880 493 1918 neque
512 1868 563 1906 filius
578 1867 627 1918 legis
642 1868 710 1917 generi
724 1867 790 1906 lacob.
817 1866 865 1906 ⁵sed
879 1874 924 1906 tan-

150 1941 193 1973 tum
211 1946 247 1972 vos
262 1938 382 1983 praeparate
398 1934 459 1971 corda
473 1939 541 1971 vestra
554 1937 577 1970 ut
592 1933 688 1971 obediatis
703 1933 752 1984 legi,
771 1939 791 1971 et
805 1934 924 1972 subiaceatis

151 2001 190 2039 illis
210 2001 243 2051 qni
261 2000 282 2037 in
300 2000 371 2037 timore
388 2004 433 2037 sunt
451 2000 550 2049 sapientes
569 2004 589 2036 et
606 1998 748 2050 intelligentem
767 2005 787 2037 et
804 2005 924 2050 praeparate

152 2067 238 2104 animam
253 2071 345 2113 vestram,
360 2079 385 2103 ne
400 2065 442 2103 sitis
457 2065 572 2103 recedentes
587 2065 612 2102 ab
628 2065 661 2102 eis.
682 2064 711 2102 ⁶si
727 2066 777 2102 enim
792 2065 841 2103 haec
855 2066 924 2104 feceri-

152 2134 186 2182 tis,
207 2133 313 2171 advenient
332 2132 388 2170 vobis
406 2131 576 2177 annuntiationes,
598 2142 647 2181 quas
665 2131 757 2181 praedixi
774 2132 839 2179 vobis,
860 2145 925 2183 neque

153 2200 227 2238 cadetis
244 2199 266 2236 in
280 2198 397 2249 supplicium
412 2198 465 2249 quod
480 2198 520 2235 iam
535 2197 652 2235 testificatus
666 2208 710 2234 snm
724 2197 785 2236 robis.
811 2197 849 2236 ⁷de
863 2199 924 2237 verbo

152 2271 217 2303 autem
237 2265 291 2315 quod
309 2265 437 2303 assumendus
456 2276 520 2311 eram,
539 2276 579 2300 non
596 2262 682 2300 indicavi
698 2263 725 2301 eis
740 2276 804 2314 neque
817 2264 859 2303 filio
874 2256 925 2303 meo.

209 2393 314 2441 XLVII·
343 2402 370 2441 Et
388 2416 431 2441 cum
452 2404 536 2442 exissem
554 2415 578 2440 ac
596 2401 711 2439 dimisissem
730 2414 773 2450 eos,
791 2404 831 2441 abii
845 2404 891 2442 inde
907 2409 926 2442 et

153 2472 194 2509 dixi
209 2471 245 2509 eis:
261 2482 306 2508 ecce
322 2481 359 2520 ego
374 2470 427 2507 vado
437 2482 498 2520 nsque
508 2469 601 2516 Hebr0n3
615 2467 662 2506 illuc
677 2469 729 2506 enim
741 2469 793 2508 misit
807 2483 839 2508 me
853 2469 926 2509 Fortis.

154 2535 187 2575 ²et
202 2536 247 2575 reni
262 2537 287 2574 ad
303 2549 347 2573 eum
361 2535 432 2583 locum,
447 2536 480 2574 ubi
495 2547 560 2574 sermo
576 2534 639 2573 faetus
649 2535 714 2573 fuerat
724 2536 750 2574 ad
759 2549 797 2584 me,
813 2541 832 2575 et
842 2536 883 2575 sedi
893 2536 926 2582 ibi,

154 2609 173 2641 et
188 2603 273 2641 ieiunari
288 2608 364 2652 septem
380 2602 452 2640 diebus,

202 2813 217 2844 o.
231 2812 291 2851 malis3
305 2810 376 2844 Carioni
389 2810 407 2841 iu
420 2811 477 2842 melis,
