1982 3190
84 169 86 171 ’
156 178 320 241 nurui-a
368 193 501 245 Apoealypsis
515 192 601 232 aarum
630 191 725 240 uxum,
742 192 802 230 1-8.
832 191 873 235 117

103 315 163 353 super
180 315 214 341 eos
232 302 313 353 lapides.
343 302 377 342 ⁵et
394 303 466 342 zelavit
484 303 547 341 zelum
561 301 629 342 Fortis
647 315 673 341 ex
692 307 736 341 tota
750 301 817 339 anima
831 313 873 350 sua,

104 373 123 406 et
142 369 209 407 firmus
228 369 264 407 fuit
281 370 335 408 solus
352 370 373 407 in
391 369 435 420 lege
448 369 483 406 illo
498 374 596 419 tempore,
610 374 632 407 ut
646 382 687 407 non
700 368 823 419 relinqueret
837 367 873 405 ali-

104 446 162 484 quem
175 435 341 482 incircumcisum,
358 439 392 472 aut
407 435 441 485 qui
454 434 515 484 impie
529 440 597 485 ageret
610 435 632 473 in
646 439 691 473 tota
704 440 767 482 terra,
782 432 873 471 omnibus

17 492 18 495 ¹
89 500 171 539 ,diebus
185 501 238 539 vitae
253 514 306 540 suae.
330 499 373 537 ⁶hic
388 505 418 537 θεῖ
428 500 494 537 autem
509 500 542 551 qui
551 501 633 551 recipiet
643 500 753 538 mercedem
764 504 872 547 aeternam,

104 570 123 603 ct
144 566 187 617 ipse
209 565 351 618 glorificabitur
372 565 425 615 apud
442 564 524 603 Fortem
546 566 608 617 magis
626 578 685 616 quam
702 565 759 604 multi
780 570 872 615 tempore

102 632 215 671 notissimo.
245 632 341 683 ⁷propter
358 632 410 669 hunc
429 630 481 669 enim
499 636 519 668 θῖ
536 637 620 682 propter
637 643 671 670 eos
689 632 722 683 qui
742 631 816 670 similes
834 630 871 680 illi,

102 703 170 736 creata
188 703 207 735 et
225 702 346 747 praeparata
364 702 394 735 est
411 696 475 747 gloria
494 696 621 745 honoranda,
639 710 689 748 quae
708 697 761 735 dicta
783 701 813 735 est
834 697 871 735 tibi

102 768 167 801 antea.
198 762 249 801 ⁸hae
263 767 309 801 sunt
323 762 479 814 aquaelucidae
493 775 542 814 quas
557 762 630 802 vidisti.

157 891 260 939 LXVII.
278 901 306 939 Et
324 914 389 952 aquae
406 901 520 940 undecimae
537 901 607 952 nigrae
621 912 671 952 quas
685 900 761 949 vidisti,
776 901 826 938 haec
841 905 871 939 θεῖ

102 968 205 1007 calamitas
220 980 275 1018 quae
286 968 382 1018 contingit
396 980 447 1006 nune
462 966 523 1007 Sioni.
547 967 646 1018 ²putasne
655 981 696 1006 non
707 979 749 1006 esse
759 966 871 1018 angustiam

101 1034 149 1084 ipsis
165 1033 239 1084 angelis
255 1047 322 1072 coram
336 1033 399 1081 Furti,
414 1033 468 1084 quod
482 1032 510 1071 sic
525 1033 599 1072 tradita
614 1038 644 1072 est
658 1031 712 1081 Sion,
727 1037 747 1071 et
760 1032 814 1084 quod
825 1044 871 1071 ecce

102 1104 169 1150 gentes
184 1099 294 1150 gloriantur
307 1099 328 1137 in
343 1098 435 1137 cordibus
450 1098 498 1146 suis,
514 1104 533 1137 et
547 1099 618 1137 turbae
633 1111 700 1137 coram
713 1098 772 1137 idolis
787 1099 835 1146 suis,
851 1104 870 1137 et

102 1166 175 1204 dicunt:
191 1166 307 1203 conculcata
321 1169 351 1203 est
364 1164 400 1201 illa
414 1177 466 1215 quae
479 1171 568 1215 tempore
578 1165 640 1203 multo
651 1164 779 1213 conculcavit,
795 1169 815 1202 et
824 1166 869 1203 sub-

101 1231 169 1282 iugata
186 1236 216 1268 est
232 1231 268 1269 illa
285 1243 337 1281 quae
354 1229 484 1281 subiugabat?
511 1230 607 1282 ³putasne
625 1231 678 1281 quod
691 1231 713 1268 in
727 1230 769 1270 istis
783 1231 869 1269 laetetur

101 1297 219 1344 Altissimus,
234 1301 268 1334 aut
281 1308 353 1333 nomen
368 1295 409 1333 eius
423 1295 555 1346 glorificetur?
570 1295 620 1336 4sed
635 1296 682 1347 quid
697 1296 733 1334 erit
742 1296 815 1335 iudicio
829 1296 869 1335 eius

100 1362 164 1413 iusto?
180 1361 322 1401 ⁵veruntamen
336 1362 445 1412 posthaec
460 1362 650 1412 comprehendentur
664 1362 685 1400 in
699 1362 827 1400 tribulatione
839 1363 870 1401 illi

101 1428 134 1478 qui
151 1428 234 1478 dispersi
251 1429 330 1466 fuerunt
348 1427 400 1464 inter
418 1431 496 1477 gentes,
515 1433 535 1465 et
550 1427 572 1465 in
589 1428 699 1479 ignominia
715 1428 834 1467 habitabunt
848 1429 870 1467 in

101 1494 170 1544 quovis
183 1493 239 1531 loco:
256 1492 314 1544 ⁶quia
329 1497 425 1543 quantum
439 1491 489 1531 Sion
497 1493 572 1531 tradita
582 1502 617 1542 est,
633 1499 653 1532 et
662 1494 770 1533 Ienrsalem
784 1499 869 1544 vastata,

100 1564 120 1597 et
138 1559 192 1597 idola
209 1559 230 1596 in
245 1559 356 1598 civitatibus
370 1559 459 1609 gentium
472 1565 626 1609 prosperantur,
645 1564 664 1597 et
678 1572 742 1610 vapor
756 1560 804 1598 fumi
820 1561 868 1599 odo-

100 1629 234 1663 ramentorum
247 1623 334 1662 iustitiae
349 1636 374 1662 ex
388 1624 433 1675 lege
448 1624 545 1662 extinctus
560 1630 590 1663 θεῖ
605 1638 618 1662 a
632 1623 701 1673 Sione,
716 1625 771 1663 etin
786 1625 868 1676 regione

100 1689 165 1729 Sionis
179 1690 201 1727 in
215 1690 269 1727 omni
282 1689 327 1727 loco
343 1701 388 1727 ecce
402 1690 467 1727 fumus
481 1689 587 1740 impietatis
602 1690 667 1729 estin
682 1704 712 1729 eo.
733 1689 790 1730 ''⁷sed
800 1697 868 1742 surget

100 1768 137 1794 rex
143 1754 252 1805 Babylonis
261 1754 293 1805 qui
301 1754 398 1806 destruxit
407 1768 459 1793 nunc
467 1754 553 1804 Sionem,
565 1760 584 1793 et
593 1756 711 1808 gloriabitur
720 1768 780 1807 super
786 1757 867 1807 populo,

99 1826 120 1859 et
138 1821 229 1872 loquetur
247 1833 320 1871 magna
336 1821 357 1859 in
375 1821 434 1859 corde
449 1833 485 1859 suo
503 1834 571 1860 coram
588 1822 697 1861 Altissimo.
730 1821 803 1861 ⁸etiam
824 1824 868 1873 ipse

98 1891 165 1926 autem
179 1887 200 1924 in
214 1886 320 1925 novissimo
336 1886 399 1924 cadet.
429 1885 480 1924 ⁹hae
494 1893 540 1926 sunt
554 1900 618 1938 aquae
632 1889 707 1939 nigrae.

155 2013 273 2062 LXVIII.
300 2022 327 2061 Et
345 2037 409 2075 aquae
426 2024 555 2064 duodecimae
571 2026 649 2065 lucidae
667 2039 717 2078 quas
735 2026 808 2076 vidisti,
829 2029 868 2067 hcc

38 2142 40 2147 Α
100 2095 130 2129 θεῖ
143 2091 230 2129 verbum.
259 2088 338 2128 ²veniet
356 2089 408 2128 enim
425 2095 502 2141 tempus
520 2093 640 2142 posthaec,
655 2099 675 2131 θῖ
690 2092 768 2131 decidet
782 2094 868 2144 populus

99 2161 143 2194 tuus
164 2157 185 2194 in
207 2156 349 2205 calamitatem,
370 2161 392 2194 ut
413 2157 549 2207 periclitentur
568 2164 591 2197 ut
612 2164 695 2210 pereant
713 2172 782 2199 omnes
800 2161 868 2209 simul;

101 2220 242 2260 ³veruntamen
263 2222 400 2271 salvabuntur,
425 2228 445 2261 et
466 2223 540 2262 inimici
561 2237 630 2263 eorum
652 2239 719 2265 coram
741 2226 769 2265 eis
791 2227 868 2265 cadent.

99 2287 135 2333 4et
153 2289 190 2326 erit
208 2288 235 2325 eis
255 2288 361 2339 aliquando
376 2289 453 2328 laetitia
466 2290 535 2328 multa.
565 2288 598 2329 ⁵et
612 2291 647 2330 illo
662 2297 752 2343 tempore
766 2297 812 2343 post
826 2305 868 2331 mo-

100 2354 164 2392 dicum
177 2354 250 2392 iterum
264 2354 399 2393 aedificabitur
413 2354 468 2404 Sion,
484 2361 504 2394 θῖ
518 2356 662 2395 constituentur
675 2359 746 2397 iterum
758 2358 869 2398 oblationes

100 2419 149 2466 eius,
167 2424 187 2457 θῖ
204 2419 317 2458 sacerdotes
334 2426 456 2459 revertentur
479 2423 505 2460 ad
522 2422 651 2461 ministerium
669 2437 734 2472 suum,
756 2430 776 2462 et
797 2424 869 2462 iterum

100 2485 178 2524 venient
195 2490 263 2536 gentes
282 2490 304 2522 ut
323 2486 434 2537 glorificent
451 2500 504 2536 eam3
528 2487 669 2527 ⁶veruntamen
685 2503 727 2528 non
745 2490 805 2540 plene
819 2490 870 2529 sicut

24 2565 28 2590 ·.
99 2551 120 2589 in
133 2550 198 2589 initio:
218 2550 267 2590 ⁷sed
282 2551 319 2589 erit
333 2558 379 2603 post
393 2553 448 2601 haec,
463 2553 501 2592 erit
515 2554 572 2592 ruina
586 2556 675 2607 gentium
688 2555 800 2594 multarum.
820 2556 870 2595 ⁸hae

9 2616 29 2659 ἷζ-
99 2622 145 2656 sunt
159 2629 222 2668 aquae
236 2619 320 2668 lucidae,
334 2632 384 2672 quas
398 2620 469 2659 vidisti.

147 2826 221 2874 LXVII,
242 2829 258 2862 6.
277 2829 310 2872 „iu
329 2839 359 2870 eo,
378 2829 403 2863 sic
422 2831 479 2864 codex
502 2815 545 2863 <ri-2
566 2832 585 2865 in
605 2833 691 2867 relatione
711 2833 733 2866 ad
754 2838 792 2880 ψεῖ
806 2829 869 2866 Ma*

101 2881 119 2913 in
132 2884 180 2916 omni
191 2885 250 2918 loco.“
275 2884 352 2918 (lariani.
