1982 3190
93 179 350 231 Lvn,1-3.LV111,1.2.
365 179 591 231 ApocalypsisBaruohi
629 178 684 226 LIX,
701 176 776 216 1-12.
820 176 862 219 113

150 393 229 441 LVII.
258 402 286 440 Et
306 408 352 452 post
374 402 410 439 has
431 401 496 440 vidisti
518 412 581 451 aquas
601 400 686 446 lucidas;
708 400 740 437 hic
758 404 788 437 est
808 402 863 436 ortus

95 470 214 518 Abrahami,
231 469 368 519 generationes
386 479 465 517 quoque
480 467 521 504 eius
536 470 556 504 et
570 466 666 504 adventus
680 465 716 503 filii
731 466 778 514 eius,
794 470 813 503 et
828 464 864 503 filii

94 535 129 574 filii
143 537 198 583 ¹eius,
213 539 315 573 eteorum
332 533 367 583 qui
381 532 453 569 similes
470 536 516 569 sunt
530 531 567 569 eis:
589 529 651 582 ²quia
666 532 702 569 illo
719 537 809 581 tempore
823 543 865 569 uon

95 602 169 652 scripta
186 601 220 639 lex
239 599 292 649 apud
310 611 344 637 eos
361 598 509 645 nominabatur,
531 602 551 634 et
569 610 631 647 opera
648 602 800 647 praeceptorum
817 602 864 634 tunc

96 667 251 718 complebantur,
266 670 285 703 et
299 666 348 703 fides
362 664 429 702 iudicii
442 663 504 701 futuri
518 668 565 701 tunc
575 663 698 713 gignebatur,
714 668 734 700 et
743 675 787 712 spes
797 662 865 700 mundi

96 734 130 784 qui
143 732 275 779 innovabitur,
290 736 337 769 tunc
352 730 500 778 aedificabatur,
515 733 535 767 et
550 729 654 778 promissio
669 728 723 767 vitae
733 741 784 778 quae
793 733 864 779 postea

96 800 166 847 veniet,
180 797 314 849 plantabatur.
345 796 394 834 ³hae
408 801 454 835 sunt
468 807 533 847 aquae
547 794 625 832 lucidae
640 806 689 845 quas
703 794 775 832 vidisti.

153 959 246 1008 LVIII·
276 969 303 1007 Et
318 982 382 1019 aquae
395 968 466 1006 tertiae
480 968 549 1018 nigrae
564 979 613 1018 quas
628 967 699 1014 vidisti,
714 967 764 1004 haec
778 971 808 1004 est
821 978 866 1016 per-

97 1037 162 1075 mistio
183 1036 269 1074 omnium
285 1040 422 1085 peccatorum,
440 1046 490 1084 quae
507 1037 579 1084 postea
593 1038 723 1084 patraverunt
738 1036 806 1082 gentes
820 1037 867 1083 post

97 1108 181 1140 mortem
199 1102 277 1139 illorum
295 1101 398 1147 iustorum,
417 1105 437 1138 et
451 1099 569 1150 improbitas
583 1104 649 1137 terrae
664 1099 762 1149 Aegypti,
777 1098 867 1149 111111-

98 1168 161 1217 probe
186 1167 271 1218 agebant
294 1166 316 1212 in
340 1165 468 1214 subiectione,
493 1178 533 1216 qua
556 1165 686 1203 subiiciebant
709 1164 761 1203 filios
782 1164 867 1202 illorum.

100 1232 242 1272 2’11111111111
257 1232 317 1270 etiam
331 1232 369 1282 ipsi
383 1232 485 1281 perierunt
500 1231 582 1268 demum.

154 1395 220 1442 LIX.
245 1404 272 1442 Et
287 1417 351 1454 aquae
366 1408 449 1454 quartae
462 1403 541 1442 lucidae
555 1415 604 1454 quas
619 1403 690 1451 vidisti,
705 1403 737 1441 hio
752 1408 782 1442 cst
797 1403 869 1441 adven-

100 1476 131 1509 tus
145 1471 244 1521 Moyseos,
260 1474 280 1507 et
294 1470 387 1517 Aaronis,
403 1474 423 1507 et
435 1470 517 1518 Mariae,
533 1473 552 1507 et
561 1469 607 1507 Iesu
621 1469 658 1507 filii
667 1467 720 1517 Nun,
737 1475 756 1507 et
767 1468 836 1507 Calebi
851 1473 871 1507 et

101 1537 187 1574 omnium
201 1537 280 1574 illorum
295 1537 329 1586 qui
343 1535 415 1574 similes
431 1535 463 1573 eis.
493 1535 540 1573 ²in0
557 1535 608 1572 enim
622 1539 712 1586 tempore
726 1535 808 1573 lucerna
820 1535 870 1585 legis

100 1607 193 1640 aeternae
206 1602 273 1640 illuxit
287 1603 376 1640 omnibus
392 1601 425 1651 qui
439 1601 534 1639 sedebant
546 1601 668 1648 intenebris,
684 1613 735 1650 quae
746 1600 870 1639 credentibus

100 1668 226 1705 annuntiaret
240 1668 390 1717 promissionem
404 1667 499 1704 mercedis
515 1680 589 1717 eorum,
604 1673 624 1704 et
633 1666 739 1704 incredulis
749 1671 870 1704 tormentum

100 1734 151 1784 ignis
169 1738 291 1771 reservatum
309 1734 342 1771 eis.
373 1731 421 1770 ³sed
438 1738 459 1770 et
473 1733 523 1771 coeli
536 1730 572 1770 illo
587 1737 677 1783 tempore
691 1738 808 1787 receperunt
823 1745 844 1772 se
859 1745 872 1770 a

101 1799 146 1836 loco
164 1811 209 1847 suo,
229 1803 248 1836 et
265 1800 299 1849 qui
317 1804 373 1837 erant
387 1798 423 1836 sub
441 1799 513 1836 throno
528 1797 595 1837 Fortis
611 1798 704 1836 commoti
719 1803 772 1845 sunt,
791 1796 871 1849 quando

101 1870 204 1915 receperat
218 1864 301 1914 Moysen
316 1865 370 1915 apud
384 1876 411 1902 se.
430 1862 539 1903 4indicauit
554 1865 605 1902 enim
621 1865 638 1902 ei
647 1864 790 1903 illustrationes
799 1864 872 1903 multas

102 1919 146 1968 cuin
159 1930 253 1967 institutis
266 1930 332 1980 legum
347 1936 367 1968 et
381 1930 420 1967 fine
434 1931 535 1981 temporis,
550 1931 600 1968 sicut
616 1931 675 1968 etiam
689 1930 731 1978 tibi,
745 1931 793 1968 item
807 1935 873 1969 autem

102 1995 247 2034 similitudinem
258 1994 323 2034 Sionis
334 2002 353 2034 et
367 2008 468 2035 mensuras
484 1998 531 2042 eius,
546 2008 598 2046 quae
611 1996 703 2034 facienda
719 2001 762 2034 erat
775 1997 796 2034 in
806 1996 874 2035 simili-

102 2062 190 2099 tudinem
209 2063 315 2101 sanctuarii
334 2063 390 2100 huius
408 2063 510 2112 temporis.
540 2060 591 2101 ⁵sed
608 2063 667 2100 etiarn
685 2068 732 2100 tunc
751 2063 837 2100 ostendit
856 2063 878 2099 ei¹

103 2139 204 2165 mensuras
219 2128 278 2178 ignis,
292 2121 437 2178 profunditates
453 2141 531 2180 quoque
546 2129 622 2179 abyssi,
637 2134 657 2167 et
671 2129 749 2179 pondus
765 2129 874 2174 ventorum,

104 2197 124 2229 et
138 2205 239 2230 numerum
254 2198 354 2244 guttarum
368 2194 456 2245 pluviae,
473 2194 506 2233 fiet
521 2195 698 2245 apprehensionem
711 2195 760 2243 irae,
775 2201 795 2233 et
809 2194 875 2232 multi-

103 2258 190 2296 tudinem
199 2258 361 2309 longanimitatis,
376 2265 396 2298 et
405 2261 518 2299 firmitatem
532 2261 604 2309 iudicii,
620 2260 653 2299 ⁷et
662 2260 749 2310 radicem
760 2261 875 2312 sapientiae,

69 2335 70 2338 ’
105 2329 124 2361 11
139 2324 216 2362 divitias
230 2324 379 2377 intelligentiae,
395 2331 414 2364 et
428 2327 504 2365 fontem
519 2327 620 2374 scientiae,
636 2326 669 2365 8et
684 2327 808 2366 altitudinem
818 2326 886 2374 adris,

105 2396 125 2428 et
141 2391 296 2442 magnitudinem
313 2392 411 2443 paradisi,
433 2399 452 2430 et
470 2394 531 2432 finem
549 2393 682 2441 saeculorum,
705 2399 724 2431 et
741 2394 818 2432 initium
838 2393 877 2430 diei

104 2457 176 2505 iudicii,
192 2456 225 2496 ⁹et
239 2470 341 2496 numerum
356 2458 484 2508 oblationum,
500 2464 520 2497 et
534 2463 598 2498 terras
613 2472 664 2510 quae
674 2460 761 2498 nondum
773 2461 877 2506 venerunt,

107 2522 151 2561 l⁰et
166 2536 188 2561 os
203 2523 304 2574 gehennae
319 2530 339 2562 et
354 2532 427 2564 statum
441 2525 546 2573 vindictae,
561 2531 582 2563 et
595 2527 697 2577 regionem
712 2527 764 2574 fidei,
779 2532 799 2564 et
810 2526 877 2564 locum

105 2590 154 2640 spei,
170 2589 214 2628 llet
228 2590 374 2629 similitudinem
384 2592 478 2629 tormenti
487 2592 554 2639 futuri,
569 2597 589 2630 et
598 2592 744 2630 multitudinem
754 2592 876 2643 angelorum,
913 2639 914 2642 Ἰ

107 2648 176 2706 quibus
191 2669 231 2694 non
246 2661 276 2694 est
290 2669 392 2706 numerus,
411 2662 430 2695 et
444 2658 527 2697 virtutes
542 2658 642 2707 flammae,
661 2664 681 2697 et
699 2657 825 2708 splendorem
840 2656 878 2694 111-

106 2734 187 2771 gurum,
202 2729 221 2762 et
235 2735 303 2761 vocem
317 2724 433 2771 tonitruum,
452 2729 472 2762 et
486 2724 565 2762 ordines
579 2725 702 2776 principatus
718 2724 843 2775 angelorum,
859 2727 879 2760 et

107 2790 244 2840 promptuaria
257 2789 312 2836 lucis,
327 2794 346 2828 et
360 2790 479 2829 mutationes
488 2796 606 2840 temporum,
622 2796 641 2829 ct
650 2791 813 2842 investigationes
822 2790 879 2841 legis.
908 2795 910 2797 ’

109 2851 172 2893 12hae
186 2862 232 2894 sunt
247 2868 310 2907 aquae
325 2860 408 2907 quartae
422 2856 500 2895 lucidae
515 2868 564 2908 quas
578 2857 650 2895 vidisti.

142 2933 186 2960 Libri
194 2935 214 2963 V.
223 2935 240 2961 Τ.
250 2934 385 2969 pseudepigrapha
730 2932 739 2964 ὃ
